%YAML 1.1
%TAG !u! tag:unity3d.com,2011:
--- !u!1001 &100100000
Prefab:
  m_ObjectHideFlags: 1
  serializedVersion: 2
  m_Modification:
    m_TransformParent: {fileID: 0}
    m_Modifications: []
    m_RemovedComponents: []
  m_ParentPrefab: {fileID: 0}
  m_RootGameObject: {fileID: 1607348635989004}
  m_IsPrefabParent: 1
--- !u!1 &1004088687477372
GameObject:
  m_ObjectHideFlags: 1
  m_PrefabParentObject: {fileID: 0}
  m_PrefabInternal: {fileID: 100100000}
  serializedVersion: 5
  m_Component:
  - component: {fileID: 4052194400337610}
  m_Layer: 0
  m_Name: L_pink3
  m_TagString: Untagged
  m_Icon: {fileID: 0}
  m_NavMeshLayer: 0
  m_StaticEditorFlags: 0
  m_IsActive: 1
--- !u!1 &1013887080417470
GameObject:
  m_ObjectHideFlags: 1
  m_PrefabParentObject: {fileID: 0}
  m_PrefabInternal: {fileID: 100100000}
  serializedVersion: 5
  m_Component:
  - component: {fileID: 4339333448848774}
  m_Layer: 0
  m_Name: Joint_3_5
  m_TagString: Untagged
  m_Icon: {fileID: 0}
  m_NavMeshLayer: 0
  m_StaticEditorFlags: 0
  m_IsActive: 1
--- !u!1 &1020530929820460
GameObject:
  m_ObjectHideFlags: 1
  m_PrefabParentObject: {fileID: 0}
  m_PrefabInternal: {fileID: 100100000}
  serializedVersion: 5
  m_Component:
  - component: {fileID: 4515129446080476}
  m_Layer: 0
  m_Name: spine
  m_TagString: Untagged
  m_Icon: {fileID: 0}
  m_NavMeshLayer: 0
  m_StaticEditorFlags: 0
  m_IsActive: 1
--- !u!1 &1060412533459602
GameObject:
  m_ObjectHideFlags: 1
  m_PrefabParentObject: {fileID: 0}
  m_PrefabInternal: {fileID: 100100000}
  serializedVersion: 5
  m_Component:
  - component: {fileID: 4567192598846362}
  m_Layer: 0
  m_Name: L_arm
  m_TagString: Untagged
  m_Icon: {fileID: 0}
  m_NavMeshLayer: 0
  m_StaticEditorFlags: 0
  m_IsActive: 1
--- !u!1 &1069933128369076
GameObject:
  m_ObjectHideFlags: 0
  m_PrefabParentObject: {fileID: 0}
  m_PrefabInternal: {fileID: 100100000}
  serializedVersion: 5
  m_Component:
  - component: {fileID: 4811061016528170}
  m_Layer: 0
  m_Name: meshes
  m_TagString: Untagged
  m_Icon: {fileID: 0}
  m_NavMeshLayer: 0
  m_StaticEditorFlags: 0
  m_IsActive: 1
--- !u!1 &1085131511843554
GameObject:
  m_ObjectHideFlags: 0
  m_PrefabParentObject: {fileID: 0}
  m_PrefabInternal: {fileID: 100100000}
  serializedVersion: 5
  m_Component:
  - component: {fileID: 4662933792193894}
  m_Layer: 0
  m_Name: hips
  m_TagString: Untagged
  m_Icon: {fileID: 0}
  m_NavMeshLayer: 0
  m_StaticEditorFlags: 0
  m_IsActive: 1
--- !u!1 &1098069347159144
GameObject:
  m_ObjectHideFlags: 1
  m_PrefabParentObject: {fileID: 0}
  m_PrefabInternal: {fileID: 100100000}
  serializedVersion: 5
  m_Component:
  - component: {fileID: 4082903540371136}
  m_Layer: 0
  m_Name: L_wrist
  m_TagString: Untagged
  m_Icon: {fileID: 0}
  m_NavMeshLayer: 0
  m_StaticEditorFlags: 0
  m_IsActive: 1
--- !u!1 &1109654576060428
GameObject:
  m_ObjectHideFlags: 1
  m_PrefabParentObject: {fileID: 0}
  m_PrefabInternal: {fileID: 100100000}
  serializedVersion: 5
  m_Component:
  - component: {fileID: 4090637386608272}
  m_Layer: 0
  m_Name: R_pink3
  m_TagString: Untagged
  m_Icon: {fileID: 0}
  m_NavMeshLayer: 0
  m_StaticEditorFlags: 0
  m_IsActive: 1
--- !u!1 &1112457815393110
GameObject:
  m_ObjectHideFlags: 1
  m_PrefabParentObject: {fileID: 0}
  m_PrefabInternal: {fileID: 100100000}
  serializedVersion: 5
  m_Component:
  - component: {fileID: 4601620980172922}
  m_Layer: 0
  m_Name: R_middle2
  m_TagString: Untagged
  m_Icon: {fileID: 0}
  m_NavMeshLayer: 0
  m_StaticEditorFlags: 0
  m_IsActive: 1
--- !u!1 &1112693024426084
GameObject:
  m_ObjectHideFlags: 1
  m_PrefabParentObject: {fileID: 0}
  m_PrefabInternal: {fileID: 100100000}
  serializedVersion: 5
  m_Component:
  - component: {fileID: 4466839025485104}
  m_Layer: 0
  m_Name: R_thumb3
  m_TagString: Untagged
  m_Icon: {fileID: 0}
  m_NavMeshLayer: 0
  m_StaticEditorFlags: 0
  m_IsActive: 1
--- !u!1 &1117590391456684
GameObject:
  m_ObjectHideFlags: 1
  m_PrefabParentObject: {fileID: 0}
  m_PrefabInternal: {fileID: 100100000}
  serializedVersion: 5
  m_Component:
  - component: {fileID: 4023117358152110}
  m_Layer: 0
  m_Name: L_middle3
  m_TagString: Untagged
  m_Icon: {fileID: 0}
  m_NavMeshLayer: 0
  m_StaticEditorFlags: 0
  m_IsActive: 1
--- !u!1 &1125654173119730
GameObject:
  m_ObjectHideFlags: 1
  m_PrefabParentObject: {fileID: 0}
  m_PrefabInternal: {fileID: 100100000}
  serializedVersion: 5
  m_Component:
  - component: {fileID: 4670024949533106}
  m_Layer: 0
  m_Name: L_thumb3
  m_TagString: Untagged
  m_Icon: {fileID: 0}
  m_NavMeshLayer: 0
  m_StaticEditorFlags: 0
  m_IsActive: 1
--- !u!1 &1129708772042838
GameObject:
  m_ObjectHideFlags: 1
  m_PrefabParentObject: {fileID: 0}
  m_PrefabInternal: {fileID: 100100000}
  serializedVersion: 5
  m_Component:
  - component: {fileID: 4294683155419832}
  m_Layer: 0
  m_Name: L_anke
  m_TagString: Untagged
  m_Icon: {fileID: 0}
  m_NavMeshLayer: 0
  m_StaticEditorFlags: 0
  m_IsActive: 1
--- !u!1 &1144057084702434
GameObject:
  m_ObjectHideFlags: 1
  m_PrefabParentObject: {fileID: 0}
  m_PrefabInternal: {fileID: 100100000}
  serializedVersion: 5
  m_Component:
  - component: {fileID: 4963452884284036}
  m_Layer: 0
  m_Name: R_elbow
  m_TagString: Untagged
  m_Icon: {fileID: 0}
  m_NavMeshLayer: 0
  m_StaticEditorFlags: 0
  m_IsActive: 1
--- !u!1 &1145231130503016
GameObject:
  m_ObjectHideFlags: 1
  m_PrefabParentObject: {fileID: 0}
  m_PrefabInternal: {fileID: 100100000}
  serializedVersion: 5
  m_Component:
  - component: {fileID: 4279076349241156}
  m_Layer: 0
  m_Name: Joint_3_2_3
  m_TagString: Untagged
  m_Icon: {fileID: 0}
  m_NavMeshLayer: 0
  m_StaticEditorFlags: 0
  m_IsActive: 1
--- !u!1 &1157315753572834
GameObject:
  m_ObjectHideFlags: 1
  m_PrefabParentObject: {fileID: 0}
  m_PrefabInternal: {fileID: 100100000}
  serializedVersion: 5
  m_Component:
  - component: {fileID: 4029108731725002}
  m_Layer: 0
  m_Name: R_wrist
  m_TagString: Untagged
  m_Icon: {fileID: 0}
  m_NavMeshLayer: 0
  m_StaticEditorFlags: 0
  m_IsActive: 1
--- !u!1 &1158481750140408
GameObject:
  m_ObjectHideFlags: 1
  m_PrefabParentObject: {fileID: 0}
  m_PrefabInternal: {fileID: 100100000}
  serializedVersion: 5
  m_Component:
  - component: {fileID: 4705547179231446}
  - component: {fileID: 33816581269558002}
  - component: {fileID: 23472066635883950}
  m_Layer: 0
  m_Name: Maul
  m_TagString: Untagged
  m_Icon: {fileID: 0}
  m_NavMeshLayer: 0
  m_StaticEditorFlags: 0
  m_IsActive: 1
--- !u!1 &1159124114764428
GameObject:
  m_ObjectHideFlags: 1
  m_PrefabParentObject: {fileID: 0}
  m_PrefabInternal: {fileID: 100100000}
  serializedVersion: 5
  m_Component:
  - component: {fileID: 4694178405289870}
  m_Layer: 0
  m_Name: Joint_3_5_2
  m_TagString: Untagged
  m_Icon: {fileID: 0}
  m_NavMeshLayer: 0
  m_StaticEditorFlags: 0
  m_IsActive: 1
--- !u!1 &1165391462702714
GameObject:
  m_ObjectHideFlags: 1
  m_PrefabParentObject: {fileID: 0}
  m_PrefabInternal: {fileID: 100100000}
  serializedVersion: 5
  m_Component:
  - component: {fileID: 4710164627370886}
  m_Layer: 0
  m_Name: L_point3
  m_TagString: Untagged
  m_Icon: {fileID: 0}
  m_NavMeshLayer: 0
  m_StaticEditorFlags: 0
  m_IsActive: 1
--- !u!1 &1211183095500566
GameObject:
  m_ObjectHideFlags: 1
  m_PrefabParentObject: {fileID: 0}
  m_PrefabInternal: {fileID: 100100000}
  serializedVersion: 5
  m_Component:
  - component: {fileID: 4565754854577588}
  m_Layer: 0
  m_Name: L_shoulder
  m_TagString: Untagged
  m_Icon: {fileID: 0}
  m_NavMeshLayer: 0
  m_StaticEditorFlags: 0
  m_IsActive: 1
--- !u!1 &1228909327523446
GameObject:
  m_ObjectHideFlags: 0
  m_PrefabParentObject: {fileID: 0}
  m_PrefabInternal: {fileID: 100100000}
  serializedVersion: 5
  m_Component:
  - component: {fileID: 4583955767131374}
  m_Layer: 0
  m_Name: L_anke_Goal
  m_TagString: Untagged
  m_Icon: {fileID: 0}
  m_NavMeshLayer: 0
  m_StaticEditorFlags: 0
  m_IsActive: 1
--- !u!1 &1232807783067140
GameObject:
  m_ObjectHideFlags: 1
  m_PrefabParentObject: {fileID: 0}
  m_PrefabInternal: {fileID: 100100000}
  serializedVersion: 5
  m_Component:
  - component: {fileID: 4884689492017944}
  m_Layer: 0
  m_Name: Joint_3_2
  m_TagString: Untagged
  m_Icon: {fileID: 0}
  m_NavMeshLayer: 0
  m_StaticEditorFlags: 0
  m_IsActive: 1
--- !u!1 &1255465837049054
GameObject:
  m_ObjectHideFlags: 1
  m_PrefabParentObject: {fileID: 0}
  m_PrefabInternal: {fileID: 100100000}
  serializedVersion: 5
  m_Component:
  - component: {fileID: 4756760817736678}
  m_Layer: 0
  m_Name: head
  m_TagString: Untagged
  m_Icon: {fileID: 0}
  m_NavMeshLayer: 0
  m_StaticEditorFlags: 0
  m_IsActive: 1
--- !u!1 &1256421771939944
GameObject:
  m_ObjectHideFlags: 1
  m_PrefabParentObject: {fileID: 0}
  m_PrefabInternal: {fileID: 100100000}
  serializedVersion: 5
  m_Component:
  - component: {fileID: 4374383447011288}
  m_Layer: 0
  m_Name: R_ring1
  m_TagString: Untagged
  m_Icon: {fileID: 0}
  m_NavMeshLayer: 0
  m_StaticEditorFlags: 0
  m_IsActive: 1
--- !u!1 &1257430898090374
GameObject:
  m_ObjectHideFlags: 0
  m_PrefabParentObject: {fileID: 0}
  m_PrefabInternal: {fileID: 100100000}
  serializedVersion: 5
  m_Component:
  - component: {fileID: 4995964744101200}
  m_Layer: 0
  m_Name: L_leg_Pole
  m_TagString: Untagged
  m_Icon: {fileID: 0}
  m_NavMeshLayer: 0
  m_StaticEditorFlags: 0
  m_IsActive: 1
--- !u!1 &1264788311286930
GameObject:
  m_ObjectHideFlags: 1
  m_PrefabParentObject: {fileID: 0}
  m_PrefabInternal: {fileID: 100100000}
  serializedVersion: 5
  m_Component:
  - component: {fileID: 4061678463546292}
  m_Layer: 0
  m_Name: Joint_3
  m_TagString: Untagged
  m_Icon: {fileID: 0}
  m_NavMeshLayer: 0
  m_StaticEditorFlags: 0
  m_IsActive: 1
--- !u!1 &1269987679462610
GameObject:
  m_ObjectHideFlags: 0
  m_PrefabParentObject: {fileID: 0}
  m_PrefabInternal: {fileID: 100100000}
  serializedVersion: 5
  m_Component:
  - component: {fileID: 4374817070018578}
  m_Layer: 0
  m_Name: R_leg_Pole
  m_TagString: Untagged
  m_Icon: {fileID: 0}
  m_NavMeshLayer: 0
  m_StaticEditorFlags: 0
  m_IsActive: 1
--- !u!1 &1278641001193894
GameObject:
  m_ObjectHideFlags: 1
  m_PrefabParentObject: {fileID: 0}
  m_PrefabInternal: {fileID: 100100000}
  serializedVersion: 5
  m_Component:
  - component: {fileID: 4568863633910004}
  m_Layer: 0
  m_Name: Joint_3_3
  m_TagString: Untagged
  m_Icon: {fileID: 0}
  m_NavMeshLayer: 0
  m_StaticEditorFlags: 0
  m_IsActive: 1
--- !u!1 &1279121336736852
GameObject:
  m_ObjectHideFlags: 0
  m_PrefabParentObject: {fileID: 0}
  m_PrefabInternal: {fileID: 100100000}
  serializedVersion: 5
  m_Component:
  - component: {fileID: 224095003895595500}
  - component: {fileID: 223384525113368676}
  - component: {fileID: 114732931267687584}
  - component: {fileID: 114633284430890140}
  m_Layer: 5
  m_Name: Canvas
  m_TagString: Untagged
  m_Icon: {fileID: 0}
  m_NavMeshLayer: 0
  m_StaticEditorFlags: 0
  m_IsActive: 1
--- !u!1 &1312426154384132
GameObject:
  m_ObjectHideFlags: 1
  m_PrefabParentObject: {fileID: 0}
  m_PrefabInternal: {fileID: 100100000}
  serializedVersion: 5
  m_Component:
  - component: {fileID: 4936887173276084}
  - component: {fileID: 33689350721000760}
  - component: {fileID: 23582468866252616}
  m_Layer: 0
  m_Name: dagger
  m_TagString: Untagged
  m_Icon: {fileID: 0}
  m_NavMeshLayer: 0
  m_StaticEditorFlags: 0
  m_IsActive: 1
--- !u!1 &1318304306590262
GameObject:
  m_ObjectHideFlags: 1
  m_PrefabParentObject: {fileID: 0}
  m_PrefabInternal: {fileID: 100100000}
  serializedVersion: 5
  m_Component:
  - component: {fileID: 4254114189844502}
  m_Layer: 0
  m_Name: L_point1
  m_TagString: Untagged
  m_Icon: {fileID: 0}
  m_NavMeshLayer: 0
  m_StaticEditorFlags: 0
  m_IsActive: 1
--- !u!1 &1331859161396424
GameObject:
  m_ObjectHideFlags: 1
  m_PrefabParentObject: {fileID: 0}
  m_PrefabInternal: {fileID: 100100000}
  serializedVersion: 5
  m_Component:
  - component: {fileID: 4821915251832098}
  m_Layer: 0
  m_Name: R_arm_Goal
  m_TagString: Untagged
  m_Icon: {fileID: 0}
  m_NavMeshLayer: 0
  m_StaticEditorFlags: 0
  m_IsActive: 1
--- !u!1 &1344334495222080
GameObject:
  m_ObjectHideFlags: 1
  m_PrefabParentObject: {fileID: 0}
  m_PrefabInternal: {fileID: 100100000}
  serializedVersion: 5
  m_Component:
  - component: {fileID: 224972430751235920}
  - component: {fileID: 222450293358149464}
  - component: {fileID: 114035924267587786}
  m_Layer: 5
  m_Name: HealthBar
  m_TagString: Untagged
  m_Icon: {fileID: 0}
  m_NavMeshLayer: 0
  m_StaticEditorFlags: 0
  m_IsActive: 1
--- !u!1 &1347136381905854
GameObject:
  m_ObjectHideFlags: 1
  m_PrefabParentObject: {fileID: 0}
  m_PrefabInternal: {fileID: 100100000}
  serializedVersion: 5
  m_Component:
  - component: {fileID: 4430928513961044}
  m_Layer: 0
  m_Name: R_arm
  m_TagString: Untagged
  m_Icon: {fileID: 0}
  m_NavMeshLayer: 0
  m_StaticEditorFlags: 0
  m_IsActive: 1
--- !u!1 &1367594011116300
GameObject:
  m_ObjectHideFlags: 1
  m_PrefabParentObject: {fileID: 0}
  m_PrefabInternal: {fileID: 100100000}
  serializedVersion: 5
  m_Component:
  - component: {fileID: 4300367788573160}
  m_Layer: 0
  m_Name: L_ring1
  m_TagString: Untagged
  m_Icon: {fileID: 0}
  m_NavMeshLayer: 0
  m_StaticEditorFlags: 0
  m_IsActive: 1
--- !u!1 &1376555845914660
GameObject:
  m_ObjectHideFlags: 1
  m_PrefabParentObject: {fileID: 0}
  m_PrefabInternal: {fileID: 100100000}
  serializedVersion: 5
  m_Component:
  - component: {fileID: 4710071120347976}
  m_Layer: 0
  m_Name: neckcontrol
  m_TagString: Untagged
  m_Icon: {fileID: 0}
  m_NavMeshLayer: 0
  m_StaticEditorFlags: 0
  m_IsActive: 1
--- !u!1 &1376999634641390
GameObject:
  m_ObjectHideFlags: 1
  m_PrefabParentObject: {fileID: 0}
  m_PrefabInternal: {fileID: 100100000}
  serializedVersion: 5
  m_Component:
  - component: {fileID: 4268343485257806}
  m_Layer: 0
  m_Name: R_knee
  m_TagString: Untagged
  m_Icon: {fileID: 0}
  m_NavMeshLayer: 0
  m_StaticEditorFlags: 0
  m_IsActive: 1
--- !u!1 &1385606776956320
GameObject:
  m_ObjectHideFlags: 1
  m_PrefabParentObject: {fileID: 0}
  m_PrefabInternal: {fileID: 100100000}
  serializedVersion: 5
  m_Component:
  - component: {fileID: 4727896203102136}
  m_Layer: 0
  m_Name: R_ring2
  m_TagString: Untagged
  m_Icon: {fileID: 0}
  m_NavMeshLayer: 0
  m_StaticEditorFlags: 0
  m_IsActive: 1
--- !u!1 &1389414451301126
GameObject:
  m_ObjectHideFlags: 1
  m_PrefabParentObject: {fileID: 0}
  m_PrefabInternal: {fileID: 100100000}
  serializedVersion: 5
  m_Component:
  - component: {fileID: 4881745888075792}
  m_Layer: 0
  m_Name: spinecontrol
  m_TagString: Untagged
  m_Icon: {fileID: 0}
  m_NavMeshLayer: 0
  m_StaticEditorFlags: 0
  m_IsActive: 1
--- !u!1 &1394078964802010
GameObject:
  m_ObjectHideFlags: 1
  m_PrefabParentObject: {fileID: 0}
  m_PrefabInternal: {fileID: 100100000}
  serializedVersion: 5
  m_Component:
  - component: {fileID: 4077635035730562}
  m_Layer: 0
  m_Name: L_middle2
  m_TagString: Untagged
  m_Icon: {fileID: 0}
  m_NavMeshLayer: 0
  m_StaticEditorFlags: 0
  m_IsActive: 1
--- !u!1 &1404805284072416
GameObject:
  m_ObjectHideFlags: 1
  m_PrefabParentObject: {fileID: 0}
  m_PrefabInternal: {fileID: 100100000}
  serializedVersion: 5
  m_Component:
  - component: {fileID: 4550032009674758}
  m_Layer: 0
  m_Name: Joint_3_2_2
  m_TagString: Untagged
  m_Icon: {fileID: 0}
  m_NavMeshLayer: 0
  m_StaticEditorFlags: 0
  m_IsActive: 1
--- !u!1 &1405333663705902
GameObject:
  m_ObjectHideFlags: 1
  m_PrefabParentObject: {fileID: 0}
  m_PrefabInternal: {fileID: 100100000}
  serializedVersion: 5
  m_Component:
  - component: {fileID: 4303875808456826}
  m_Layer: 0
  m_Name: R_point1
  m_TagString: Untagged
  m_Icon: {fileID: 0}
  m_NavMeshLayer: 0
  m_StaticEditorFlags: 0
  m_IsActive: 1
--- !u!1 &1426782846950782
GameObject:
  m_ObjectHideFlags: 1
  m_PrefabParentObject: {fileID: 0}
  m_PrefabInternal: {fileID: 100100000}
  serializedVersion: 5
  m_Component:
  - component: {fileID: 4878297581784862}
  m_Layer: 0
  m_Name: L_thumb2
  m_TagString: Untagged
  m_Icon: {fileID: 0}
  m_NavMeshLayer: 0
  m_StaticEditorFlags: 0
  m_IsActive: 1
--- !u!1 &1442067302348980
GameObject:
  m_ObjectHideFlags: 1
  m_PrefabParentObject: {fileID: 0}
  m_PrefabInternal: {fileID: 100100000}
  serializedVersion: 5
  m_Component:
  - component: {fileID: 4701419970892844}
  m_Layer: 0
  m_Name: R_middle1
  m_TagString: Untagged
  m_Icon: {fileID: 0}
  m_NavMeshLayer: 0
  m_StaticEditorFlags: 0
  m_IsActive: 1
--- !u!1 &1465622262066742
GameObject:
  m_ObjectHideFlags: 1
  m_PrefabParentObject: {fileID: 0}
  m_PrefabInternal: {fileID: 100100000}
  serializedVersion: 5
  m_Component:
  - component: {fileID: 4428397870505550}
  - component: {fileID: 33658529163913980}
  - component: {fileID: 23265663748761946}
  m_Layer: 0
  m_Name: daggercase
  m_TagString: Untagged
  m_Icon: {fileID: 0}
  m_NavMeshLayer: 0
  m_StaticEditorFlags: 0
  m_IsActive: 1
--- !u!1 &1471036402463880
GameObject:
  m_ObjectHideFlags: 1
  m_PrefabParentObject: {fileID: 0}
  m_PrefabInternal: {fileID: 100100000}
  serializedVersion: 5
  m_Component:
  - component: {fileID: 4044766421428604}
  m_Layer: 0
  m_Name: Joint_3_3_2
  m_TagString: Untagged
  m_Icon: {fileID: 0}
  m_NavMeshLayer: 0
  m_StaticEditorFlags: 0
  m_IsActive: 1
--- !u!1 &1478209473614428
GameObject:
  m_ObjectHideFlags: 1
  m_PrefabParentObject: {fileID: 0}
  m_PrefabInternal: {fileID: 100100000}
  serializedVersion: 5
  m_Component:
  - component: {fileID: 4612991072801948}
  m_Layer: 0
  m_Name: Joint_3_4_2
  m_TagString: Untagged
  m_Icon: {fileID: 0}
  m_NavMeshLayer: 0
  m_StaticEditorFlags: 0
  m_IsActive: 1
--- !u!1 &1482872734849200
GameObject:
  m_ObjectHideFlags: 1
  m_PrefabParentObject: {fileID: 0}
  m_PrefabInternal: {fileID: 100100000}
  serializedVersion: 5
  m_Component:
  - component: {fileID: 4249700179432772}
  m_Layer: 0
  m_Name: headcontrol
  m_TagString: Untagged
  m_Icon: {fileID: 0}
  m_NavMeshLayer: 0
  m_StaticEditorFlags: 0
  m_IsActive: 1
--- !u!1 &1504312122343176
GameObject:
  m_ObjectHideFlags: 1
  m_PrefabParentObject: {fileID: 0}
  m_PrefabInternal: {fileID: 100100000}
  serializedVersion: 5
  m_Component:
  - component: {fileID: 4208748400372652}
  m_Layer: 0
  m_Name: R_arm_Pole
  m_TagString: Untagged
  m_Icon: {fileID: 0}
  m_NavMeshLayer: 0
  m_StaticEditorFlags: 0
  m_IsActive: 1
--- !u!1 &1507658490859956
GameObject:
  m_ObjectHideFlags: 0
  m_PrefabParentObject: {fileID: 0}
  m_PrefabInternal: {fileID: 100100000}
  serializedVersion: 5
  m_Component:
  - component: {fileID: 4236463176463450}
  m_Layer: 0
  m_Name: hipcontrol
  m_TagString: Untagged
  m_Icon: {fileID: 0}
  m_NavMeshLayer: 0
  m_StaticEditorFlags: 0
  m_IsActive: 1
--- !u!1 &1517949966945724
GameObject:
  m_ObjectHideFlags: 1
  m_PrefabParentObject: {fileID: 0}
  m_PrefabInternal: {fileID: 100100000}
  serializedVersion: 5
  m_Component:
  - component: {fileID: 4038279379492484}
  m_Layer: 0
  m_Name: chestcontrol
  m_TagString: Untagged
  m_Icon: {fileID: 0}
  m_NavMeshLayer: 0
  m_StaticEditorFlags: 0
  m_IsActive: 1
--- !u!1 &1518457325484522
GameObject:
  m_ObjectHideFlags: 1
  m_PrefabParentObject: {fileID: 0}
  m_PrefabInternal: {fileID: 100100000}
  serializedVersion: 5
  m_Component:
  - component: {fileID: 4910682492453974}
  m_Layer: 0
  m_Name: L_foot
  m_TagString: Untagged
  m_Icon: {fileID: 0}
  m_NavMeshLayer: 0
  m_StaticEditorFlags: 0
  m_IsActive: 1
--- !u!1 &1540030231677720
GameObject:
  m_ObjectHideFlags: 1
  m_PrefabParentObject: {fileID: 0}
  m_PrefabInternal: {fileID: 100100000}
  serializedVersion: 5
  m_Component:
  - component: {fileID: 4588945149362122}
  m_Layer: 0
  m_Name: R_pink2
  m_TagString: Untagged
  m_Icon: {fileID: 0}
  m_NavMeshLayer: 0
  m_StaticEditorFlags: 0
  m_IsActive: 1
--- !u!1 &1557059860390908
GameObject:
  m_ObjectHideFlags: 1
  m_PrefabParentObject: {fileID: 0}
  m_PrefabInternal: {fileID: 100100000}
  serializedVersion: 5
  m_Component:
  - component: {fileID: 4603573284342392}
  m_Layer: 0
  m_Name: L_arm_Goal
  m_TagString: Untagged
  m_Icon: {fileID: 0}
  m_NavMeshLayer: 0
  m_StaticEditorFlags: 0
  m_IsActive: 1
--- !u!1 &1561295772983014
GameObject:
  m_ObjectHideFlags: 1
  m_PrefabParentObject: {fileID: 0}
  m_PrefabInternal: {fileID: 100100000}
  serializedVersion: 5
  m_Component:
  - component: {fileID: 4267837653362232}
  m_Layer: 0
  m_Name: L_pink1
  m_TagString: Untagged
  m_Icon: {fileID: 0}
  m_NavMeshLayer: 0
  m_StaticEditorFlags: 0
  m_IsActive: 1
--- !u!1 &1564445812030200
GameObject:
  m_ObjectHideFlags: 1
  m_PrefabParentObject: {fileID: 0}
  m_PrefabInternal: {fileID: 100100000}
  serializedVersion: 5
  m_Component:
  - component: {fileID: 4202349446761030}
  m_Layer: 0
  m_Name: L_thumb1
  m_TagString: Untagged
  m_Icon: {fileID: 0}
  m_NavMeshLayer: 0
  m_StaticEditorFlags: 0
  m_IsActive: 1
--- !u!1 &1571146981691154
GameObject:
  m_ObjectHideFlags: 1
  m_PrefabParentObject: {fileID: 0}
  m_PrefabInternal: {fileID: 100100000}
  serializedVersion: 5
  m_Component:
  - component: {fileID: 4162919782762920}
  m_Layer: 0
  m_Name: R_foot
  m_TagString: Untagged
  m_Icon: {fileID: 0}
  m_NavMeshLayer: 0
  m_StaticEditorFlags: 0
  m_IsActive: 1
--- !u!1 &1580410404661874
GameObject:
  m_ObjectHideFlags: 1
  m_PrefabParentObject: {fileID: 0}
  m_PrefabInternal: {fileID: 100100000}
  serializedVersion: 5
  m_Component:
  - component: {fileID: 224839715827419164}
  - component: {fileID: 222651046643301084}
  - component: {fileID: 114518121649985322}
  m_Layer: 5
  m_Name: HealthBG
  m_TagString: Untagged
  m_Icon: {fileID: 0}
  m_NavMeshLayer: 0
  m_StaticEditorFlags: 0
  m_IsActive: 1
--- !u!1 &1607348635989004
GameObject:
  m_ObjectHideFlags: 0
  m_PrefabParentObject: {fileID: 0}
  m_PrefabInternal: {fileID: 100100000}
  serializedVersion: 5
  m_Component:
  - component: {fileID: 4631025461368932}
  - component: {fileID: 95926948069811724}
  - component: {fileID: 114543944395020908}
  - component: {fileID: 114691545109829490}
  - component: {fileID: 114310159545513192}
  - component: {fileID: 136824974022827064}
  - component: {fileID: 114617490210867978}
  m_Layer: 0
  m_Name: Enemy_Knight
  m_TagString: Enemy
  m_Icon: {fileID: 0}
  m_NavMeshLayer: 0
  m_StaticEditorFlags: 0
  m_IsActive: 1
--- !u!1 &1621742018198446
GameObject:
  m_ObjectHideFlags: 1
  m_PrefabParentObject: {fileID: 0}
  m_PrefabInternal: {fileID: 100100000}
  serializedVersion: 5
  m_Component:
  - component: {fileID: 4349684830123270}
  m_Layer: 0
  m_Name: R_wrist_Goal
  m_TagString: Untagged
  m_Icon: {fileID: 0}
  m_NavMeshLayer: 0
  m_StaticEditorFlags: 0
  m_IsActive: 1
--- !u!1 &1634525531632138
GameObject:
  m_ObjectHideFlags: 1
  m_PrefabParentObject: {fileID: 0}
  m_PrefabInternal: {fileID: 100100000}
  serializedVersion: 5
  m_Component:
  - component: {fileID: 4827373344426930}
  m_Layer: 0
  m_Name: tip
  m_TagString: Untagged
  m_Icon: {fileID: 0}
  m_NavMeshLayer: 0
  m_StaticEditorFlags: 0
  m_IsActive: 1
--- !u!1 &1640954607047984
GameObject:
  m_ObjectHideFlags: 1
  m_PrefabParentObject: {fileID: 0}
  m_PrefabInternal: {fileID: 100100000}
  serializedVersion: 5
  m_Component:
  - component: {fileID: 4169994728960468}
  m_Layer: 0
  m_Name: R_ring3
  m_TagString: Untagged
  m_Icon: {fileID: 0}
  m_NavMeshLayer: 0
  m_StaticEditorFlags: 0
  m_IsActive: 1
--- !u!1 &1653593456219282
GameObject:
  m_ObjectHideFlags: 1
  m_PrefabParentObject: {fileID: 0}
  m_PrefabInternal: {fileID: 100100000}
  serializedVersion: 5
  m_Component:
  - component: {fileID: 4302605631081830}
  m_Layer: 0
  m_Name: L_leg
  m_TagString: Untagged
  m_Icon: {fileID: 0}
  m_NavMeshLayer: 0
  m_StaticEditorFlags: 0
  m_IsActive: 1
--- !u!1 &1653718537236050
GameObject:
  m_ObjectHideFlags: 1
  m_PrefabParentObject: {fileID: 0}
  m_PrefabInternal: {fileID: 100100000}
  serializedVersion: 5
  m_Component:
  - component: {fileID: 4432932564554054}
  m_Layer: 0
  m_Name: L_middle1
  m_TagString: Untagged
  m_Icon: {fileID: 0}
  m_NavMeshLayer: 0
  m_StaticEditorFlags: 0
  m_IsActive: 1
--- !u!1 &1658505208104448
GameObject:
  m_ObjectHideFlags: 1
  m_PrefabParentObject: {fileID: 0}
  m_PrefabInternal: {fileID: 100100000}
  serializedVersion: 5
  m_Component:
  - component: {fileID: 4701520184208670}
  m_Layer: 0
  m_Name: R_thumb2
  m_TagString: Untagged
  m_Icon: {fileID: 0}
  m_NavMeshLayer: 0
  m_StaticEditorFlags: 0
  m_IsActive: 1
--- !u!1 &1665248461886964
GameObject:
  m_ObjectHideFlags: 1
  m_PrefabParentObject: {fileID: 0}
  m_PrefabInternal: {fileID: 100100000}
  serializedVersion: 5
  m_Component:
  - component: {fileID: 4483874116061786}
  - component: {fileID: 137203767206574682}
  m_Layer: 0
  m_Name: body
  m_TagString: Untagged
  m_Icon: {fileID: 0}
  m_NavMeshLayer: 0
  m_StaticEditorFlags: 0
  m_IsActive: 1
--- !u!1 &1687674430584440
GameObject:
  m_ObjectHideFlags: 1
  m_PrefabParentObject: {fileID: 0}
  m_PrefabInternal: {fileID: 100100000}
  serializedVersion: 5
  m_Component:
  - component: {fileID: 4014243834089268}
  m_Layer: 0
  m_Name: neck
  m_TagString: Untagged
  m_Icon: {fileID: 0}
  m_NavMeshLayer: 0
  m_StaticEditorFlags: 0
  m_IsActive: 1
--- !u!1 &1700933648958276
GameObject:
  m_ObjectHideFlags: 1
  m_PrefabParentObject: {fileID: 0}
  m_PrefabInternal: {fileID: 100100000}
  serializedVersion: 5
  m_Component:
  - component: {fileID: 4939612898985414}
  m_Layer: 0
  m_Name: R_point2
  m_TagString: Untagged
  m_Icon: {fileID: 0}
  m_NavMeshLayer: 0
  m_StaticEditorFlags: 0
  m_IsActive: 1
--- !u!1 &1707258781299130
GameObject:
  m_ObjectHideFlags: 1
  m_PrefabParentObject: {fileID: 0}
  m_PrefabInternal: {fileID: 100100000}
  serializedVersion: 5
  m_Component:
  - component: {fileID: 4634202325239216}
  m_Layer: 0
  m_Name: R_shoulder
  m_TagString: Untagged
  m_Icon: {fileID: 0}
  m_NavMeshLayer: 0
  m_StaticEditorFlags: 0
  m_IsActive: 1
--- !u!1 &1710217370488348
GameObject:
  m_ObjectHideFlags: 1
  m_PrefabParentObject: {fileID: 0}
  m_PrefabInternal: {fileID: 100100000}
  serializedVersion: 5
  m_Component:
  - component: {fileID: 4756828429796136}
  m_Layer: 0
  m_Name: L_elbow
  m_TagString: Untagged
  m_Icon: {fileID: 0}
  m_NavMeshLayer: 0
  m_StaticEditorFlags: 0
  m_IsActive: 1
--- !u!1 &1739477781679038
GameObject:
  m_ObjectHideFlags: 1
  m_PrefabParentObject: {fileID: 0}
  m_PrefabInternal: {fileID: 100100000}
  serializedVersion: 5
  m_Component:
  - component: {fileID: 4128988277586194}
  m_Layer: 0
  m_Name: Joint_3_4
  m_TagString: Untagged
  m_Icon: {fileID: 0}
  m_NavMeshLayer: 0
  m_StaticEditorFlags: 0
  m_IsActive: 1
--- !u!1 &1769601928301476
GameObject:
  m_ObjectHideFlags: 1
  m_PrefabParentObject: {fileID: 0}
  m_PrefabInternal: {fileID: 100100000}
  serializedVersion: 5
  m_Component:
  - component: {fileID: 4111102510286012}
  m_Layer: 0
  m_Name: R_pink1
  m_TagString: Untagged
  m_Icon: {fileID: 0}
  m_NavMeshLayer: 0
  m_StaticEditorFlags: 0
  m_IsActive: 1
--- !u!1 &1784432181672600
GameObject:
  m_ObjectHideFlags: 1
  m_PrefabParentObject: {fileID: 0}
  m_PrefabInternal: {fileID: 100100000}
  serializedVersion: 5
  m_Component:
  - component: {fileID: 4364746251612348}
  m_Layer: 0
  m_Name: R_anke
  m_TagString: Untagged
  m_Icon: {fileID: 0}
  m_NavMeshLayer: 0
  m_StaticEditorFlags: 0
  m_IsActive: 1
--- !u!1 &1792410814172038
GameObject:
  m_ObjectHideFlags: 1
  m_PrefabParentObject: {fileID: 0}
  m_PrefabInternal: {fileID: 100100000}
  serializedVersion: 5
  m_Component:
  - component: {fileID: 4106792428037050}
  m_Layer: 0
  m_Name: R_thumb1
  m_TagString: Untagged
  m_Icon: {fileID: 0}
  m_NavMeshLayer: 0
  m_StaticEditorFlags: 0
  m_IsActive: 1
--- !u!1 &1801722190347828
GameObject:
  m_ObjectHideFlags: 1
  m_PrefabParentObject: {fileID: 0}
  m_PrefabInternal: {fileID: 100100000}
  serializedVersion: 5
  m_Component:
  - component: {fileID: 4164035482075574}
  m_Layer: 0
  m_Name: R_point3
  m_TagString: Untagged
  m_Icon: {fileID: 0}
  m_NavMeshLayer: 0
  m_StaticEditorFlags: 0
  m_IsActive: 1
--- !u!1 &1819915857428506
GameObject:
  m_ObjectHideFlags: 1
  m_PrefabParentObject: {fileID: 0}
  m_PrefabInternal: {fileID: 100100000}
  serializedVersion: 5
  m_Component:
  - component: {fileID: 4639368143701718}
  m_Layer: 0
  m_Name: L_point2
  m_TagString: Untagged
  m_Icon: {fileID: 0}
  m_NavMeshLayer: 0
  m_StaticEditorFlags: 0
  m_IsActive: 1
--- !u!1 &1852579787013692
GameObject:
  m_ObjectHideFlags: 1
  m_PrefabParentObject: {fileID: 0}
  m_PrefabInternal: {fileID: 100100000}
  serializedVersion: 5
  m_Component:
  - component: {fileID: 4296632359925308}
  m_Layer: 0
  m_Name: L_toes
  m_TagString: Untagged
  m_Icon: {fileID: 0}
  m_NavMeshLayer: 0
  m_StaticEditorFlags: 0
  m_IsActive: 1
--- !u!1 &1852835799521824
GameObject:
  m_ObjectHideFlags: 1
  m_PrefabParentObject: {fileID: 0}
  m_PrefabInternal: {fileID: 100100000}
  serializedVersion: 5
  m_Component:
  - component: {fileID: 4069038684781164}
  m_Layer: 0
  m_Name: L_ring3
  m_TagString: Untagged
  m_Icon: {fileID: 0}
  m_NavMeshLayer: 0
  m_StaticEditorFlags: 0
  m_IsActive: 1
--- !u!1 &1860754432492458
GameObject:
  m_ObjectHideFlags: 1
  m_PrefabParentObject: {fileID: 0}
  m_PrefabInternal: {fileID: 100100000}
  serializedVersion: 5
  m_Component:
  - component: {fileID: 4915130020097612}
  m_Layer: 0
  m_Name: R_leg
  m_TagString: Untagged
  m_Icon: {fileID: 0}
  m_NavMeshLayer: 0
  m_StaticEditorFlags: 0
  m_IsActive: 1
--- !u!1 &1868416096968910
GameObject:
  m_ObjectHideFlags: 1
  m_PrefabParentObject: {fileID: 0}
  m_PrefabInternal: {fileID: 100100000}
  serializedVersion: 5
  m_Component:
  - component: {fileID: 4310318663887260}
  m_Layer: 0
  m_Name: L_wrist_Goal
  m_TagString: Untagged
  m_Icon: {fileID: 0}
  m_NavMeshLayer: 0
  m_StaticEditorFlags: 0
  m_IsActive: 1
--- !u!1 &1871125896433478
GameObject:
  m_ObjectHideFlags: 1
  m_PrefabParentObject: {fileID: 0}
  m_PrefabInternal: {fileID: 100100000}
  serializedVersion: 5
  m_Component:
  - component: {fileID: 4882483480428638}
  m_Layer: 0
  m_Name: chest
  m_TagString: Untagged
  m_Icon: {fileID: 0}
  m_NavMeshLayer: 0
  m_StaticEditorFlags: 0
  m_IsActive: 1
--- !u!1 &1871228310385122
GameObject:
  m_ObjectHideFlags: 1
  m_PrefabParentObject: {fileID: 0}
  m_PrefabInternal: {fileID: 100100000}
  serializedVersion: 5
  m_Component:
  - component: {fileID: 4835911649625074}
  - component: {fileID: 137340463130178950}
  m_Layer: 0
  m_Name: cloth
  m_TagString: Untagged
  m_Icon: {fileID: 0}
  m_NavMeshLayer: 0
  m_StaticEditorFlags: 0
  m_IsActive: 1
--- !u!1 &1878341699084166
GameObject:
  m_ObjectHideFlags: 1
  m_PrefabParentObject: {fileID: 0}
  m_PrefabInternal: {fileID: 100100000}
  serializedVersion: 5
  m_Component:
  - component: {fileID: 4631822167647348}
  m_Layer: 0
  m_Name: R_middle3
  m_TagString: Untagged
  m_Icon: {fileID: 0}
  m_NavMeshLayer: 0
  m_StaticEditorFlags: 0
  m_IsActive: 1
--- !u!1 &1896658371545826
GameObject:
  m_ObjectHideFlags: 1
  m_PrefabParentObject: {fileID: 0}
  m_PrefabInternal: {fileID: 100100000}
  serializedVersion: 5
  m_Component:
  - component: {fileID: 4995326824152982}
  m_Layer: 0
  m_Name: L_ring2
  m_TagString: Untagged
  m_Icon: {fileID: 0}
  m_NavMeshLayer: 0
  m_StaticEditorFlags: 0
  m_IsActive: 1
--- !u!1 &1915684705646122
GameObject:
  m_ObjectHideFlags: 1
  m_PrefabParentObject: {fileID: 0}
  m_PrefabInternal: {fileID: 100100000}
  serializedVersion: 5
  m_Component:
  - component: {fileID: 4333562538068462}
  m_Layer: 0
  m_Name: L_arm_Pole
  m_TagString: Untagged
  m_Icon: {fileID: 0}
  m_NavMeshLayer: 0
  m_StaticEditorFlags: 0
  m_IsActive: 1
--- !u!1 &1953841039195252
GameObject:
  m_ObjectHideFlags: 1
  m_PrefabParentObject: {fileID: 0}
  m_PrefabInternal: {fileID: 100100000}
  serializedVersion: 5
  m_Component:
  - component: {fileID: 4595914393979050}
  m_Layer: 0
  m_Name: R_toes
  m_TagString: Untagged
  m_Icon: {fileID: 0}
  m_NavMeshLayer: 0
  m_StaticEditorFlags: 0
  m_IsActive: 1
--- !u!1 &1968477156280232
GameObject:
  m_ObjectHideFlags: 0
  m_PrefabParentObject: {fileID: 0}
  m_PrefabInternal: {fileID: 100100000}
  serializedVersion: 5
  m_Component:
  - component: {fileID: 4154037292588366}
  m_Layer: 0
  m_Name: R_anke_Goal
  m_TagString: Untagged
  m_Icon: {fileID: 0}
  m_NavMeshLayer: 0
  m_StaticEditorFlags: 0
  m_IsActive: 1
--- !u!1 &1971281025008352
GameObject:
  m_ObjectHideFlags: 1
  m_PrefabParentObject: {fileID: 0}
  m_PrefabInternal: {fileID: 100100000}
  serializedVersion: 5
  m_Component:
  - component: {fileID: 4360867654621314}
  m_Layer: 0
  m_Name: L_pink2
  m_TagString: Untagged
  m_Icon: {fileID: 0}
  m_NavMeshLayer: 0
  m_StaticEditorFlags: 0
  m_IsActive: 1
--- !u!1 &1980475486540020
GameObject:
  m_ObjectHideFlags: 1
  m_PrefabParentObject: {fileID: 0}
  m_PrefabInternal: {fileID: 100100000}
  serializedVersion: 5
  m_Component:
  - component: {fileID: 4963704134357412}
  m_Layer: 0
  m_Name: L_knee
  m_TagString: Untagged
  m_Icon: {fileID: 0}
  m_NavMeshLayer: 0
  m_StaticEditorFlags: 0
  m_IsActive: 1
--- !u!4 &4014243834089268
Transform:
  m_ObjectHideFlags: 1
  m_PrefabParentObject: {fileID: 0}
  m_PrefabInternal: {fileID: 100100000}
  m_GameObject: {fileID: 1687674430584440}
  m_LocalRotation: {x: -0.11983299, y: -8.7995117e-10, z: -1.0621254e-10, w: 0.9927941}
  m_LocalPosition: {x: 3.70054e-14, y: 1.8651746e-16, z: -0.27464104}
  m_LocalScale: {x: 1, y: 1, z: 1}
  m_Children:
  - {fileID: 4756760817736678}
  m_Father: {fileID: 4882483480428638}
  m_RootOrder: 2
  m_LocalEulerAnglesHint: {x: 0, y: 0, z: 0}
--- !u!4 &4023117358152110
Transform:
  m_ObjectHideFlags: 1
  m_PrefabParentObject: {fileID: 0}
  m_PrefabInternal: {fileID: 100100000}
  m_GameObject: {fileID: 1117590391456684}
  m_LocalRotation: {x: -0.20785064, y: 0.014752814, z: 0.0031352174, w: 0.97804433}
  m_LocalPosition: {x: 4.2632563e-16, y: 1.4210854e-16, z: -0.037716877}
  m_LocalScale: {x: 1, y: 1, z: 1}
  m_Children:
  - {fileID: 4128988277586194}
  m_Father: {fileID: 4077635035730562}
  m_RootOrder: 0
  m_LocalEulerAnglesHint: {x: 0, y: 0, z: 0}
--- !u!4 &4029108731725002
Transform:
  m_ObjectHideFlags: 1
  m_PrefabParentObject: {fileID: 0}
  m_PrefabInternal: {fileID: 100100000}
  m_GameObject: {fileID: 1157315753572834}
  m_LocalRotation: {x: -0.22534578, y: -0.28431562, z: -0.0131056, w: 0.931779}
  m_LocalPosition: {x: 5.506706e-16, y: -2.842171e-16, z: -0.2903292}
  m_LocalScale: {x: 1, y: 1, z: 1}
  m_Children:
  - {fileID: 4701419970892844}
  - {fileID: 4111102510286012}
  - {fileID: 4303875808456826}
  - {fileID: 4374383447011288}
  - {fileID: 4106792428037050}
  m_Father: {fileID: 4963452884284036}
  m_RootOrder: 0
  m_LocalEulerAnglesHint: {x: 0, y: 0, z: 0}
--- !u!4 &4038279379492484
Transform:
  m_ObjectHideFlags: 1
  m_PrefabParentObject: {fileID: 0}
  m_PrefabInternal: {fileID: 100100000}
  m_GameObject: {fileID: 1517949966945724}
  m_LocalRotation: {x: 0, y: 9.846911e-33, z: -0, w: 1}
  m_LocalPosition: {x: -4.2465757e-12, y: 0.002387229, z: -0.21051784}
  m_LocalScale: {x: 1, y: 1, z: 1}
  m_Children:
  - {fileID: 4603573284342392}
  - {fileID: 4710071120347976}
  - {fileID: 4821915251832098}
  m_Father: {fileID: 4881745888075792}
  m_RootOrder: 0
  m_LocalEulerAnglesHint: {x: 0, y: 0, z: 0}
--- !u!4 &4044766421428604
Transform:
  m_ObjectHideFlags: 1
  m_PrefabParentObject: {fileID: 0}
  m_PrefabInternal: {fileID: 100100000}
  m_GameObject: {fileID: 1471036402463880}
  m_LocalRotation: {x: -4.3755147e-15, y: -8.538417e-15, z: -1.1934898e-15, w: 1}
  m_LocalPosition: {x: 5.684342e-16, y: -4.2632563e-16, z: -0.031362128}
  m_LocalScale: {x: 1, y: 1, z: 1}
  m_Children: []
  m_Father: {fileID: 4169994728960468}
  m_RootOrder: 0
  m_LocalEulerAnglesHint: {x: 0, y: 0, z: 0}
--- !u!4 &4052194400337610
Transform:
  m_ObjectHideFlags: 1
  m_PrefabParentObject: {fileID: 0}
  m_PrefabInternal: {fileID: 100100000}
  m_GameObject: {fileID: 1004088687477372}
  m_LocalRotation: {x: -0.121009186, y: 0.0074001793, z: 0.0009021444, w: 0.9926234}
  m_LocalPosition: {x: -0, y: -2.842171e-16, z: -0.031462427}
  m_LocalScale: {x: 1, y: 1, z: 1}
  m_Children:
  - {fileID: 4884689492017944}
  m_Father: {fileID: 4360867654621314}
  m_RootOrder: 0
  m_LocalEulerAnglesHint: {x: 0, y: 0, z: 0}
--- !u!4 &4061678463546292
Transform:
  m_ObjectHideFlags: 1
  m_PrefabParentObject: {fileID: 0}
  m_PrefabInternal: {fileID: 100100000}
  m_GameObject: {fileID: 1264788311286930}
  m_LocalRotation: {x: -1.7763568e-15, y: -5.2735594e-16, z: 2.7755576e-17, w: 1}
  m_LocalPosition: {x: -1.4210854e-16, y: -2.842171e-16, z: -0.033412267}
  m_LocalScale: {x: 1, y: 1, z: 1}
  m_Children: []
  m_Father: {fileID: 4670024949533106}
  m_RootOrder: 0
  m_LocalEulerAnglesHint: {x: 0, y: 0, z: 0}
--- !u!4 &4069038684781164
Transform:
  m_ObjectHideFlags: 1
  m_PrefabParentObject: {fileID: 0}
  m_PrefabInternal: {fileID: 100100000}
  m_GameObject: {fileID: 1852835799521824}
  m_LocalRotation: {x: -0.17203164, y: 0.06804622, z: 0.010049776, w: 0.98268706}
  m_LocalPosition: {x: -5.684342e-16, y: -1.4210854e-16, z: -0.037750587}
  m_LocalScale: {x: 1, y: 1, z: 1}
  m_Children:
  - {fileID: 4568863633910004}
  m_Father: {fileID: 4995326824152982}
  m_RootOrder: 0
  m_LocalEulerAnglesHint: {x: 0, y: 0, z: 0}
--- !u!4 &4077635035730562
Transform:
  m_ObjectHideFlags: 1
  m_PrefabParentObject: {fileID: 0}
  m_PrefabInternal: {fileID: 100100000}
  m_GameObject: {fileID: 1394078964802010}
  m_LocalRotation: {x: -0.18622088, y: 0.03435038, z: 0.006514768, w: 0.9818857}
  m_LocalPosition: {x: 2.842171e-16, y: 2.842171e-16, z: -0.06099846}
  m_LocalScale: {x: 1, y: 1, z: 1}
  m_Children:
  - {fileID: 4023117358152110}
  m_Father: {fileID: 4432932564554054}
  m_RootOrder: 0
  m_LocalEulerAnglesHint: {x: 0, y: 0, z: 0}
--- !u!4 &4082903540371136
Transform:
  m_ObjectHideFlags: 1
  m_PrefabParentObject: {fileID: 0}
  m_PrefabInternal: {fileID: 100100000}
  m_GameObject: {fileID: 1098069347159144}
  m_LocalRotation: {x: -0.27632165, y: 0.2774952, z: -0.030650454, w: 0.9196213}
  m_LocalPosition: {x: 2.1316282e-16, y: 0, z: -0.2903292}
  m_LocalScale: {x: 1, y: 1, z: 1}
  m_Children:
  - {fileID: 4432932564554054}
  - {fileID: 4267837653362232}
  - {fileID: 4254114189844502}
  - {fileID: 4300367788573160}
  - {fileID: 4202349446761030}
  m_Father: {fileID: 4756828429796136}
  m_RootOrder: 0
  m_LocalEulerAnglesHint: {x: 0, y: 0, z: 0}
--- !u!4 &4090637386608272
Transform:
  m_ObjectHideFlags: 1
  m_PrefabParentObject: {fileID: 0}
  m_PrefabInternal: {fileID: 100100000}
  m_GameObject: {fileID: 1109654576060428}
  m_LocalRotation: {x: -0.121009186, y: -0.0074001793, z: -0.0009021444, w: 0.9926234}
  m_LocalPosition: {x: 7.105427e-17, y: 0, z: -0.031462427}
  m_LocalScale: {x: 1, y: 1, z: 1}
  m_Children:
  - {fileID: 4279076349241156}
  m_Father: {fileID: 4588945149362122}
  m_RootOrder: 0
  m_LocalEulerAnglesHint: {x: 0, y: 0, z: 0}
--- !u!4 &4106792428037050
Transform:
  m_ObjectHideFlags: 1
  m_PrefabParentObject: {fileID: 0}
  m_PrefabInternal: {fileID: 100100000}
  m_GameObject: {fileID: 1792410814172038}
  m_LocalRotation: {x: 0.033519093, y: -0.034557577, z: 0.026498446, w: 0.9984889}
  m_LocalPosition: {x: -5.32907e-16, y: 5.684342e-16, z: -0.049821608}
  m_LocalScale: {x: 1, y: 1, z: 1}
  m_Children:
  - {fileID: 4701520184208670}
  m_Father: {fileID: 4029108731725002}
  m_RootOrder: 4
  m_LocalEulerAnglesHint: {x: 0, y: 0, z: 0}
--- !u!4 &4111102510286012
Transform:
  m_ObjectHideFlags: 1
  m_PrefabParentObject: {fileID: 0}
  m_PrefabInternal: {fileID: 100100000}
  m_GameObject: {fileID: 1769601928301476}
  m_LocalRotation: {x: -0.074057505, y: 0.29212403, z: 0.041830327, w: 0.9525908}
  m_LocalPosition: {x: -0.10617816, y: 0.047625054, z: -0.06218061}
  m_LocalScale: {x: 1, y: 1, z: 1}
  m_Children:
  - {fileID: 4588945149362122}
  m_Father: {fileID: 4029108731725002}
  m_RootOrder: 1
  m_LocalEulerAnglesHint: {x: 0, y: 0, z: 0}
--- !u!4 &4128988277586194
Transform:
  m_ObjectHideFlags: 1
  m_PrefabParentObject: {fileID: 0}
  m_PrefabInternal: {fileID: 100100000}
  m_GameObject: {fileID: 1739477781679038}
  m_LocalRotation: {x: 2.7894353e-15, y: -1.0380585e-14, z: -1.6653345e-16, w: 1}
  m_LocalPosition: {x: 9.947598e-16, y: 2.1316282e-16, z: -0.038436525}
  m_LocalScale: {x: 1, y: 1, z: 1}
  m_Children: []
  m_Father: {fileID: 4023117358152110}
  m_RootOrder: 0
  m_LocalEulerAnglesHint: {x: 0, y: 0, z: 0}
--- !u!4 &4154037292588366
Transform:
  m_ObjectHideFlags: 1
  m_PrefabParentObject: {fileID: 0}
  m_PrefabInternal: {fileID: 100100000}
  m_GameObject: {fileID: 1968477156280232}
  m_LocalRotation: {x: -0.0690116, y: 0.91339284, z: 0.40006202, w: 0.030022178}
  m_LocalPosition: {x: 0.14101946, y: 0.15860873, z: -0.07653294}
  m_LocalScale: {x: 1, y: 1, z: 1}
  m_Children: []
  m_Father: {fileID: 4631025461368932}
  m_RootOrder: 5
  m_LocalEulerAnglesHint: {x: 0, y: 0, z: 0}
--- !u!4 &4162919782762920
Transform:
  m_ObjectHideFlags: 1
  m_PrefabParentObject: {fileID: 0}
  m_PrefabInternal: {fileID: 100100000}
  m_GameObject: {fileID: 1571146981691154}
  m_LocalRotation: {x: 0.36714432, y: 0.061415166, z: -0.024302477, w: 0.9278161}
  m_LocalPosition: {x: 5.3290704e-17, y: -6.217249e-17, z: -0.1594819}
  m_LocalScale: {x: 1, y: 1, z: 1}
  m_Children:
  - {fileID: 4595914393979050}
  m_Father: {fileID: 4364746251612348}
  m_RootOrder: 0
  m_LocalEulerAnglesHint: {x: 0, y: 0, z: 0}
--- !u!4 &4164035482075574
Transform:
  m_ObjectHideFlags: 1
  m_PrefabParentObject: {fileID: 0}
  m_PrefabInternal: {fileID: 100100000}
  m_GameObject: {fileID: 1801722190347828}
  m_LocalRotation: {x: -0.030262208, y: 0.009387545, z: 0.00028423054, w: 0.9994979}
  m_LocalPosition: {x: 1.4210854e-16, y: 0, z: -0.03310927}
  m_LocalScale: {x: 1, y: 1, z: 1}
  m_Children:
  - {fileID: 4694178405289870}
  m_Father: {fileID: 4939612898985414}
  m_RootOrder: 0
  m_LocalEulerAnglesHint: {x: 0, y: 0, z: 0}
--- !u!4 &4169994728960468
Transform:
  m_ObjectHideFlags: 1
  m_PrefabParentObject: {fileID: 0}
  m_PrefabInternal: {fileID: 100100000}
  m_GameObject: {fileID: 1640954607047984}
  m_LocalRotation: {x: -0.06076242, y: -0.04841069, z: -0.0029504814, w: 0.9969732}
  m_LocalPosition: {x: 4.973799e-16, y: -2.842171e-16, z: -0.037750587}
  m_LocalScale: {x: 1, y: 1, z: 1}
  m_Children:
  - {fileID: 4044766421428604}
  m_Father: {fileID: 4727896203102136}
  m_RootOrder: 0
  m_LocalEulerAnglesHint: {x: 0, y: 0, z: 0}
--- !u!4 &4202349446761030
Transform:
  m_ObjectHideFlags: 1
  m_PrefabParentObject: {fileID: 0}
  m_PrefabInternal: {fileID: 100100000}
  m_GameObject: {fileID: 1564445812030200}
  m_LocalRotation: {x: 0.049615525, y: 0.017317235, z: -0.030053293, w: 0.99816597}
  m_LocalPosition: {x: 3.5527135e-16, y: 2.842171e-16, z: -0.049821608}
  m_LocalScale: {x: 1, y: 1, z: 1}
  m_Children:
  - {fileID: 4878297581784862}
  m_Father: {fileID: 4082903540371136}
  m_RootOrder: 4
  m_LocalEulerAnglesHint: {x: 0, y: 0, z: 0}
--- !u!4 &4208748400372652
Transform:
  m_ObjectHideFlags: 1
  m_PrefabParentObject: {fileID: 0}
  m_PrefabInternal: {fileID: 100100000}
  m_GameObject: {fileID: 1504312122343176}
  m_LocalRotation: {x: -0.14382392, y: -0.2658567, z: -0.040148526, w: 0.95237756}
  m_LocalPosition: {x: -0.41953245, y: 0.10907572, z: -0.21310031}
  m_LocalScale: {x: 1, y: 1, z: 1}
  m_Children: []
  m_Father: {fileID: 4821915251832098}
  m_RootOrder: 0
  m_LocalEulerAnglesHint: {x: 0, y: 0, z: 0}
--- !u!4 &4236463176463450
Transform:
  m_ObjectHideFlags: 1
  m_PrefabParentObject: {fileID: 0}
  m_PrefabInternal: {fileID: 100100000}
  m_GameObject: {fileID: 1507658490859956}
  m_LocalRotation: {x: 8.659561e-17, y: -0.7071068, z: 0.7071068, w: -1.060302e-24}
  m_LocalPosition: {x: -0.0049826778, y: 1.0340947, z: -0.017487368}
  m_LocalScale: {x: 1, y: 1, z: 1}
  m_Children:
  - {fileID: 4249700179432772}
  - {fileID: 4881745888075792}
  m_Father: {fileID: 4631025461368932}
  m_RootOrder: 0
  m_LocalEulerAnglesHint: {x: 0, y: 0, z: 0}
--- !u!4 &4249700179432772
Transform:
  m_ObjectHideFlags: 1
  m_PrefabParentObject: {fileID: 0}
  m_PrefabInternal: {fileID: 100100000}
  m_GameObject: {fileID: 1482872734849200}
  m_LocalRotation: {x: 0, y: -2.4790404e-33, z: -0, w: 1}
  m_LocalPosition: {x: -9.4924064e-17, y: -0.022562772, z: -0.79220814}
  m_LocalScale: {x: 1, y: 1, z: 1}
  m_Children: []
  m_Father: {fileID: 4236463176463450}
  m_RootOrder: 0
  m_LocalEulerAnglesHint: {x: 0, y: 0, z: 0}
--- !u!4 &4254114189844502
Transform:
  m_ObjectHideFlags: 1
  m_PrefabParentObject: {fileID: 0}
  m_PrefabInternal: {fileID: 100100000}
  m_GameObject: {fileID: 1318304306590262}
  m_LocalRotation: {x: 0.056146227, y: -0.22247404, z: -0.012988381, w: 0.9732339}
  m_LocalPosition: {x: 0.020888219, y: 0.06888804, z: -0.117271334}
  m_LocalScale: {x: 1, y: 1, z: 1}
  m_Children:
  - {fileID: 4639368143701718}
  m_Father: {fileID: 4082903540371136}
  m_RootOrder: 2
  m_LocalEulerAnglesHint: {x: 0, y: 0, z: 0}
--- !u!4 &4267837653362232
Transform:
  m_ObjectHideFlags: 1
  m_PrefabParentObject: {fileID: 0}
  m_PrefabInternal: {fileID: 100100000}
  m_GameObject: {fileID: 1561295772983014}
  m_LocalRotation: {x: -0.21589118, y: -0.28465182, z: -0.10823409, w: 0.92771214}
  m_LocalPosition: {x: 0.10617816, y: 0.047625054, z: -0.06218061}
  m_LocalScale: {x: 1, y: 1, z: 1}
  m_Children:
  - {fileID: 4360867654621314}
  m_Father: {fileID: 4082903540371136}
  m_RootOrder: 1
  m_LocalEulerAnglesHint: {x: 0, y: 0, z: 0}
--- !u!4 &4268343485257806
Transform:
  m_ObjectHideFlags: 1
  m_PrefabParentObject: {fileID: 0}
  m_PrefabInternal: {fileID: 100100000}
  m_GameObject: {fileID: 1376999634641390}
  m_LocalRotation: {x: -0.08493164, y: -3.6162552e-11, z: -3.0824822e-12, w: 0.9963868}
  m_LocalPosition: {x: 3.5527136e-17, y: 1.3433698e-16, z: -0.42412007}
  m_LocalScale: {x: 1, y: 1, z: 1}
  m_Children:
  - {fileID: 4364746251612348}
  m_Father: {fileID: 4915130020097612}
  m_RootOrder: 0
  m_LocalEulerAnglesHint: {x: 0, y: 0, z: 0}
--- !u!4 &4279076349241156
Transform:
  m_ObjectHideFlags: 1
  m_PrefabParentObject: {fileID: 0}
  m_PrefabInternal: {fileID: 100100000}
  m_GameObject: {fileID: 1145231130503016}
  m_LocalRotation: {x: -1.5751289e-15, y: -3.469447e-16, z: -5.828671e-16, w: 1}
  m_LocalPosition: {x: 2.1316282e-16, y: -1.4210854e-16, z: -0.024728209}
  m_LocalScale: {x: 1, y: 1, z: 1}
  m_Children: []
  m_Father: {fileID: 4090637386608272}
  m_RootOrder: 0
  m_LocalEulerAnglesHint: {x: 0, y: 0, z: 0}
--- !u!4 &4294683155419832
Transform:
  m_ObjectHideFlags: 1
  m_PrefabParentObject: {fileID: 0}
  m_PrefabInternal: {fileID: 100100000}
  m_GameObject: {fileID: 1129708772042838}
  m_LocalRotation: {x: 0.43138105, y: -0.048496578, z: 0.06994278, w: 0.89814615}
  m_LocalPosition: {x: -1.0658141e-16, y: -1.7763567e-16, z: -0.43009302}
  m_LocalScale: {x: 1, y: 1, z: 1}
  m_Children:
  - {fileID: 4910682492453974}
  m_Father: {fileID: 4963704134357412}
  m_RootOrder: 0
  m_LocalEulerAnglesHint: {x: 0, y: 0, z: 0}
--- !u!4 &4296632359925308
Transform:
  m_ObjectHideFlags: 1
  m_PrefabParentObject: {fileID: 0}
  m_PrefabInternal: {fileID: 100100000}
  m_GameObject: {fileID: 1852579787013692}
  m_LocalRotation: {x: 1.7728874e-15, y: -5.6551985e-16, z: -4.038653e-17, w: 1}
  m_LocalPosition: {x: 1.5987211e-16, y: 5.6177284e-16, z: -0.1316605}
  m_LocalScale: {x: 1, y: 1, z: 1}
  m_Children: []
  m_Father: {fileID: 4910682492453974}
  m_RootOrder: 0
  m_LocalEulerAnglesHint: {x: 0, y: 0, z: 0}
--- !u!4 &4300367788573160
Transform:
  m_ObjectHideFlags: 1
  m_PrefabParentObject: {fileID: 0}
  m_PrefabInternal: {fileID: 100100000}
  m_GameObject: {fileID: 1367594011116300}
  m_LocalRotation: {x: -0.19053552, y: -0.2695293, z: -0.023475766, w: 0.9436626}
  m_LocalPosition: {x: 0.08483953, y: 0.06835792, z: -0.08601908}
  m_LocalScale: {x: 1, y: 1, z: 1}
  m_Children:
  - {fileID: 4995326824152982}
  m_Father: {fileID: 4082903540371136}
  m_RootOrder: 3
  m_LocalEulerAnglesHint: {x: 0, y: 0, z: 0}
--- !u!4 &4302605631081830
Transform:
  m_ObjectHideFlags: 1
  m_PrefabParentObject: {fileID: 0}
  m_PrefabInternal: {fileID: 100100000}
  m_GameObject: {fileID: 1653593456219282}
  m_LocalRotation: {x: 0.9998615, y: -0.0005439346, z: 0.016609289, w: -0.00094531255}
  m_LocalPosition: {x: 0.17265661, y: -0.00011913786, z: 0.026892358}
  m_LocalScale: {x: 1, y: 1, z: 1}
  m_Children:
  - {fileID: 4963704134357412}
  m_Father: {fileID: 4662933792193894}
  m_RootOrder: 0
  m_LocalEulerAnglesHint: {x: 0, y: 0, z: 0}
--- !u!4 &4303875808456826
Transform:
  m_ObjectHideFlags: 1
  m_PrefabParentObject: {fileID: 0}
  m_PrefabInternal: {fileID: 100100000}
  m_GameObject: {fileID: 1405333663705902}
  m_LocalRotation: {x: 0.16357045, y: 0.2503712, z: -0.07785084, w: 0.9510511}
  m_LocalPosition: {x: -0.020888219, y: 0.06888804, z: -0.117271334}
  m_LocalScale: {x: 1, y: 1, z: 1}
  m_Children:
  - {fileID: 4939612898985414}
  m_Father: {fileID: 4029108731725002}
  m_RootOrder: 2
  m_LocalEulerAnglesHint: {x: 0, y: 0, z: 0}
--- !u!4 &4310318663887260
Transform:
  m_ObjectHideFlags: 1
  m_PrefabParentObject: {fileID: 0}
  m_PrefabInternal: {fileID: 100100000}
  m_GameObject: {fileID: 1868416096968910}
  m_LocalRotation: {x: -0.49853876, y: 0.18615913, z: -0.08505148, w: 0.8423599}
  m_LocalPosition: {x: 0.0932529, y: -0.28368443, z: -0.53092575}
  m_LocalScale: {x: 1, y: 1, z: 1}
  m_Children: []
  m_Father: {fileID: 4603573284342392}
  m_RootOrder: 1
  m_LocalEulerAnglesHint: {x: 0, y: 0, z: 0}
--- !u!4 &4333562538068462
Transform:
  m_ObjectHideFlags: 1
  m_PrefabParentObject: {fileID: 0}
  m_PrefabInternal: {fileID: 100100000}
  m_GameObject: {fileID: 1915684705646122}
  m_LocalRotation: {x: -0.14382392, y: 0.2658567, z: 0.040148526, w: 0.95237756}
  m_LocalPosition: {x: 0.40884125, y: -0.006993251, z: -0.27788886}
  m_LocalScale: {x: 1, y: 1, z: 1}
  m_Children: []
  m_Father: {fileID: 4603573284342392}
  m_RootOrder: 0
  m_LocalEulerAnglesHint: {x: 0, y: 0, z: 0}
--- !u!4 &4339333448848774
Transform:
  m_ObjectHideFlags: 1
  m_PrefabParentObject: {fileID: 0}
  m_PrefabInternal: {fileID: 100100000}
  m_GameObject: {fileID: 1013887080417470}
  m_LocalRotation: {x: -3.268219e-15, y: 6.7584827e-15, z: -1.6653345e-16, w: 1}
  m_LocalPosition: {x: -2.842171e-16, y: -1.4210854e-16, z: -0.031330973}
  m_LocalScale: {x: 1, y: 1, z: 1}
  m_Children: []
  m_Father: {fileID: 4710164627370886}
  m_RootOrder: 0
  m_LocalEulerAnglesHint: {x: 0, y: 0, z: 0}
--- !u!4 &4349684830123270
Transform:
  m_ObjectHideFlags: 1
  m_PrefabParentObject: {fileID: 0}
  m_PrefabInternal: {fileID: 100100000}
  m_GameObject: {fileID: 1621742018198446}
  m_LocalRotation: {x: -0.23500144, y: -0.27959043, z: 0.015651802, w: 0.9307838}
  m_LocalPosition: {x: -0.013113074, y: -0.022230953, z: -0.6325509}
  m_LocalScale: {x: 1, y: 1, z: 1}
  m_Children: []
  m_Father: {fileID: 4821915251832098}
  m_RootOrder: 1
  m_LocalEulerAnglesHint: {x: 0, y: 0, z: 0}
--- !u!4 &4360867654621314
Transform:
  m_ObjectHideFlags: 1
  m_PrefabParentObject: {fileID: 0}
  m_PrefabInternal: {fileID: 100100000}
  m_GameObject: {fileID: 1971281025008352}
  m_LocalRotation: {x: -0.25285643, y: 0.15523612, z: 0.07327316, w: 0.95215356}
  m_LocalPosition: {x: -2.842171e-16, y: 1.4210854e-16, z: -0.041543674}
  m_LocalScale: {x: 1, y: 1, z: 1}
  m_Children:
  - {fileID: 4052194400337610}
  m_Father: {fileID: 4267837653362232}
  m_RootOrder: 0
  m_LocalEulerAnglesHint: {x: 0, y: 0, z: 0}
--- !u!4 &4364746251612348
Transform:
  m_ObjectHideFlags: 1
  m_PrefabParentObject: {fileID: 0}
  m_PrefabInternal: {fileID: 100100000}
  m_GameObject: {fileID: 1784432181672600}
  m_LocalRotation: {x: 0.43312636, y: 0.04861161, z: -0.07039409, w: 0.8972643}
  m_LocalPosition: {x: 1.0658141e-16, y: -2.664535e-16, z: -0.43009302}
  m_LocalScale: {x: 1, y: 1, z: 1}
  m_Children:
  - {fileID: 4162919782762920}
  m_Father: {fileID: 4268343485257806}
  m_RootOrder: 0
  m_LocalEulerAnglesHint: {x: 0, y: 0, z: 0}
--- !u!4 &4374383447011288
Transform:
  m_ObjectHideFlags: 1
  m_PrefabParentObject: {fileID: 0}
  m_PrefabInternal: {fileID: 100100000}
  m_GameObject: {fileID: 1256421771939944}
  m_LocalRotation: {x: -0.064447254, y: 0.28990906, z: 0.019570772, w: 0.9546813}
  m_LocalPosition: {x: -0.08483953, y: 0.06835792, z: -0.08601908}
  m_LocalScale: {x: 1, y: 1, z: 1}
  m_Children:
  - {fileID: 4727896203102136}
  m_Father: {fileID: 4029108731725002}
  m_RootOrder: 3
  m_LocalEulerAnglesHint: {x: 0, y: 0, z: 0}
--- !u!4 &4374817070018578
Transform:
  m_ObjectHideFlags: 1
  m_PrefabParentObject: {fileID: 0}
  m_PrefabInternal: {fileID: 100100000}
  m_GameObject: {fileID: 1269987679462610}
  m_LocalRotation: {x: 1.7490207e-10, y: 0.61020416, z: 0.7922442, w: -1.3471355e-10}
  m_LocalPosition: {x: 0.15315397, y: 0.672457, z: 0.9965823}
  m_LocalScale: {x: 1, y: 1, z: 1}
  m_Children: []
  m_Father: {fileID: 4631025461368932}
  m_RootOrder: 6
  m_LocalEulerAnglesHint: {x: 0, y: 0, z: 0}
--- !u!4 &4428397870505550
Transform:
  m_ObjectHideFlags: 1
  m_PrefabParentObject: {fileID: 0}
  m_PrefabInternal: {fileID: 100100000}
  m_GameObject: {fileID: 1465622262066742}
  m_LocalRotation: {x: 0.15005216, y: 0.9477239, z: 0.2765415, w: 0.053184293}
  m_LocalPosition: {x: 0.25787026, y: -0.01773495, z: 0.0911177}
  m_LocalScale: {x: 1, y: 1, z: 1}
  m_Children:
  - {fileID: 4936887173276084}
  m_Father: {fileID: 4515129446080476}
  m_RootOrder: 1
  m_LocalEulerAnglesHint: {x: 0, y: 0, z: 0}
--- !u!4 &4430928513961044
Transform:
  m_ObjectHideFlags: 1
  m_PrefabParentObject: {fileID: 0}
  m_PrefabInternal: {fileID: 100100000}
  m_GameObject: {fileID: 1347136381905854}
  m_LocalRotation: {x: -0.024708146, y: -0.036804967, z: 0.1184746, w: 0.9919671}
  m_LocalPosition: {x: -7.105427e-17, y: 5.684342e-16, z: -0.1461906}
  m_LocalScale: {x: 1, y: 1, z: 1}
  m_Children:
  - {fileID: 4963452884284036}
  m_Father: {fileID: 4634202325239216}
  m_RootOrder: 0
  m_LocalEulerAnglesHint: {x: 0, y: 0, z: 0}
--- !u!4 &4432932564554054
Transform:
  m_ObjectHideFlags: 1
  m_PrefabParentObject: {fileID: 0}
  m_PrefabInternal: {fileID: 100100000}
  m_GameObject: {fileID: 1653718537236050}
  m_LocalRotation: {x: -0.076894864, y: -0.2584815, z: -0.020645361, w: 0.9627296}
  m_LocalPosition: {x: 0.052944455, y: 0.07450639, z: -0.100663036}
  m_LocalScale: {x: 1, y: 1, z: 1}
  m_Children:
  - {fileID: 4077635035730562}
  m_Father: {fileID: 4082903540371136}
  m_RootOrder: 0
  m_LocalEulerAnglesHint: {x: 0, y: 0, z: 0}
--- !u!4 &4466839025485104
Transform:
  m_ObjectHideFlags: 1
  m_PrefabParentObject: {fileID: 0}
  m_PrefabInternal: {fileID: 100100000}
  m_GameObject: {fileID: 1112693024426084}
  m_LocalRotation: {x: 0.026535342, y: -0.11774731, z: 0.003147492, w: 0.992684}
  m_LocalPosition: {x: -4.6185276e-16, y: -5.684342e-16, z: -0.043092523}
  m_LocalScale: {x: 1, y: 1, z: 1}
  m_Children:
  - {fileID: 4550032009674758}
  m_Father: {fileID: 4701520184208670}
  m_RootOrder: 0
  m_LocalEulerAnglesHint: {x: 0, y: 0, z: 0}
--- !u!4 &4483874116061786
Transform:
  m_ObjectHideFlags: 1
  m_PrefabParentObject: {fileID: 0}
  m_PrefabInternal: {fileID: 100100000}
  m_GameObject: {fileID: 1665248461886964}
  m_LocalRotation: {x: 0, y: -0, z: -0, w: 1}
  m_LocalPosition: {x: -0, y: 0.21824902, z: -0.02107164}
  m_LocalScale: {x: 1, y: 1, z: 1}
  m_Children: []
  m_Father: {fileID: 4811061016528170}
  m_RootOrder: 0
  m_LocalEulerAnglesHint: {x: 0, y: 0, z: 0}
--- !u!4 &4515129446080476
Transform:
  m_ObjectHideFlags: 1
  m_PrefabParentObject: {fileID: 0}
  m_PrefabInternal: {fileID: 100100000}
  m_GameObject: {fileID: 1020530929820460}
  m_LocalRotation: {x: 0.0056192447, y: 1.4574289e-10, z: -8.1897786e-13, w: 0.9999842}
  m_LocalPosition: {x: -3.5194068e-16, y: -1.5292211e-14, z: -0.22110757}
  m_LocalScale: {x: 1, y: 1, z: 1}
  m_Children:
  - {fileID: 4882483480428638}
  - {fileID: 4428397870505550}
  m_Father: {fileID: 4662933792193894}
  m_RootOrder: 2
  m_LocalEulerAnglesHint: {x: 0, y: 0, z: 0}
--- !u!4 &4550032009674758
Transform:
  m_ObjectHideFlags: 1
  m_PrefabParentObject: {fileID: 0}
  m_PrefabInternal: {fileID: 100100000}
  m_GameObject: {fileID: 1404805284072416}
  m_LocalRotation: {x: 9.089951e-15, y: -2.7200464e-15, z: 1.2212453e-15, w: 1}
  m_LocalPosition: {x: 4.796163e-16, y: 1.1368684e-15, z: -0.033412267}
  m_LocalScale: {x: 1, y: 1, z: 1}
  m_Children: []
  m_Father: {fileID: 4466839025485104}
  m_RootOrder: 0
  m_LocalEulerAnglesHint: {x: 0, y: 0, z: 0}
--- !u!4 &4565754854577588
Transform:
  m_ObjectHideFlags: 1
  m_PrefabParentObject: {fileID: 0}
  m_PrefabInternal: {fileID: 100100000}
  m_GameObject: {fileID: 1211183095500566}
  m_LocalRotation: {x: -0.49741384, y: -0.50240993, z: 0.4896429, w: 0.5103073}
  m_LocalPosition: {x: 0.086721495, y: 0.014964663, z: -0.1984286}
  m_LocalScale: {x: 1, y: 1, z: 1}
  m_Children:
  - {fileID: 4567192598846362}
  m_Father: {fileID: 4882483480428638}
  m_RootOrder: 0
  m_LocalEulerAnglesHint: {x: 0, y: 0, z: 0}
--- !u!4 &4567192598846362
Transform:
  m_ObjectHideFlags: 1
  m_PrefabParentObject: {fileID: 0}
  m_PrefabInternal: {fileID: 100100000}
  m_GameObject: {fileID: 1060412533459602}
  m_LocalRotation: {x: -0.012286054, y: -0.018111588, z: -0.11685172, w: 0.99290824}
  m_LocalPosition: {x: -4.440892e-18, y: 5.684342e-16, z: -0.1461906}
  m_LocalScale: {x: 1, y: 1, z: 1}
  m_Children:
  - {fileID: 4756828429796136}
  m_Father: {fileID: 4565754854577588}
  m_RootOrder: 0
  m_LocalEulerAnglesHint: {x: 0, y: 0, z: 0}
--- !u!4 &4568863633910004
Transform:
  m_ObjectHideFlags: 1
  m_PrefabParentObject: {fileID: 0}
  m_PrefabInternal: {fileID: 100100000}
  m_GameObject: {fileID: 1278641001193894}
  m_LocalRotation: {x: 4.510281e-15, y: -4.4686477e-15, z: 2.0154857e-29, w: 1}
  m_LocalPosition: {x: 5.684342e-16, y: 3.1974422e-16, z: -0.031362128}
  m_LocalScale: {x: 1, y: 1, z: 1}
  m_Children: []
  m_Father: {fileID: 4069038684781164}
  m_RootOrder: 0
  m_LocalEulerAnglesHint: {x: 0, y: 0, z: 0}
--- !u!4 &4583955767131374
Transform:
  m_ObjectHideFlags: 1
  m_PrefabParentObject: {fileID: 0}
  m_PrefabInternal: {fileID: 100100000}
  m_GameObject: {fileID: 1228909327523446}
  m_LocalRotation: {x: 0.067413785, y: 0.91350985, z: 0.40016752, w: -0.028654689}
  m_LocalPosition: {x: -0.14950475, y: 0.15840136, z: -0.08183604}
  m_LocalScale: {x: 1, y: 1, z: 1}
  m_Children: []
  m_Father: {fileID: 4631025461368932}
  m_RootOrder: 2
  m_LocalEulerAnglesHint: {x: 0, y: 0, z: 0}
--- !u!4 &4588945149362122
Transform:
  m_ObjectHideFlags: 1
  m_PrefabParentObject: {fileID: 0}
  m_PrefabInternal: {fileID: 100100000}
  m_GameObject: {fileID: 1540030231677720}
  m_LocalRotation: {x: -0.20922954, y: -0.1478002, z: -0.10299238, w: 0.9611299}
  m_LocalPosition: {x: 1.4210854e-16, y: 2.842171e-16, z: -0.041543674}
  m_LocalScale: {x: 1, y: 1, z: 1}
  m_Children:
  - {fileID: 4090637386608272}
  m_Father: {fileID: 4111102510286012}
  m_RootOrder: 0
  m_LocalEulerAnglesHint: {x: 0, y: 0, z: 0}
--- !u!4 &4595914393979050
Transform:
  m_ObjectHideFlags: 1
  m_PrefabParentObject: {fileID: 0}
  m_PrefabInternal: {fileID: 100100000}
  m_GameObject: {fileID: 1953841039195252}
  m_LocalRotation: {x: -2.1510571e-16, y: -5.70724e-16, z: -3.1225023e-17, w: 1}
  m_LocalPosition: {x: 1.2434498e-16, y: -6.661338e-17, z: -0.1316605}
  m_LocalScale: {x: 1, y: 1, z: 1}
  m_Children: []
  m_Father: {fileID: 4162919782762920}
  m_RootOrder: 0
  m_LocalEulerAnglesHint: {x: 0, y: 0, z: 0}
--- !u!4 &4601620980172922
Transform:
  m_ObjectHideFlags: 1
  m_PrefabParentObject: {fileID: 0}
  m_PrefabInternal: {fileID: 100100000}
  m_GameObject: {fileID: 1112457815393110}
  m_LocalRotation: {x: -0.39717084, y: -0.029908536, z: -0.043326136, w: 0.9162334}
  m_LocalPosition: {x: -7.105427e-17, y: -8.5265126e-16, z: -0.06099846}
  m_LocalScale: {x: 1, y: 1, z: 1}
  m_Children:
  - {fileID: 4631822167647348}
  m_Father: {fileID: 4701419970892844}
  m_RootOrder: 0
  m_LocalEulerAnglesHint: {x: 0, y: 0, z: 0}
--- !u!4 &4603573284342392
Transform:
  m_ObjectHideFlags: 1
  m_PrefabParentObject: {fileID: 0}
  m_PrefabInternal: {fileID: 100100000}
  m_GameObject: {fileID: 1557059860390908}
  m_LocalRotation: {x: -0.38257182, y: -0.35786694, z: 0.5514581, w: 0.6492026}
  m_LocalPosition: {x: 0.22272514, y: 0.010684044, z: -0.19859995}
  m_LocalScale: {x: 1, y: 1, z: 1}
  m_Children:
  - {fileID: 4333562538068462}
  - {fileID: 4310318663887260}
  m_Father: {fileID: 4038279379492484}
  m_RootOrder: 0
  m_LocalEulerAnglesHint: {x: 0, y: 0, z: 0}
--- !u!4 &4612991072801948
Transform:
  m_ObjectHideFlags: 1
  m_PrefabParentObject: {fileID: 0}
  m_PrefabInternal: {fileID: 100100000}
  m_GameObject: {fileID: 1478209473614428}
  m_LocalRotation: {x: 1.56819e-15, y: -5.5233595e-15, z: 1.7846835e-14, w: 1}
  m_LocalPosition: {x: 1.4210854e-16, y: 0, z: -0.038436525}
  m_LocalScale: {x: 1, y: 1, z: 1}
  m_Children: []
  m_Father: {fileID: 4631822167647348}
  m_RootOrder: 0
  m_LocalEulerAnglesHint: {x: 0, y: 0, z: 0}
--- !u!4 &4631025461368932
Transform:
  m_ObjectHideFlags: 1
  m_PrefabParentObject: {fileID: 0}
  m_PrefabInternal: {fileID: 100100000}
  m_GameObject: {fileID: 1607348635989004}
  m_LocalRotation: {x: 0, y: 1, z: 0, w: 0}
  m_LocalPosition: {x: -42.595142, y: -0.1995423, z: 57.566124}
  m_LocalScale: {x: 3, y: 3, z: 3}
  m_Children:
  - {fileID: 4236463176463450}
  - {fileID: 4662933792193894}
  - {fileID: 4583955767131374}
  - {fileID: 4995964744101200}
  - {fileID: 4811061016528170}
  - {fileID: 4154037292588366}
  - {fileID: 4374817070018578}
  - {fileID: 224095003895595500}
  m_Father: {fileID: 0}
  m_RootOrder: 0
  m_LocalEulerAnglesHint: {x: 0, y: 180, z: 0}
--- !u!4 &4631822167647348
Transform:
  m_ObjectHideFlags: 1
  m_PrefabParentObject: {fileID: 0}
  m_PrefabInternal: {fileID: 100100000}
  m_GameObject: {fileID: 1878341699084166}
  m_LocalRotation: {x: -0.14803936, y: -0.014916054, z: -0.0022330245, w: 0.98886645}
  m_LocalPosition: {x: -7.105427e-16, y: 4.2632563e-16, z: -0.037716877}
  m_LocalScale: {x: 1, y: 1, z: 1}
  m_Children:
  - {fileID: 4612991072801948}
  m_Father: {fileID: 4601620980172922}
  m_RootOrder: 0
  m_LocalEulerAnglesHint: {x: 0, y: 0, z: 0}
--- !u!4 &4634202325239216
Transform:
  m_ObjectHideFlags: 1
  m_PrefabParentObject: {fileID: 0}
  m_PrefabInternal: {fileID: 100100000}
  m_GameObject: {fileID: 1707258781299130}
  m_LocalRotation: {x: -0.47296867, y: 0.5269647, z: -0.5178588, w: 0.48003238}
  m_LocalPosition: {x: -0.08688965, y: 0.013955234, z: -0.1984286}
  m_LocalScale: {x: 1, y: 1, z: 1}
  m_Children:
  - {fileID: 4430928513961044}
  m_Father: {fileID: 4882483480428638}
  m_RootOrder: 3
  m_LocalEulerAnglesHint: {x: 0, y: 0, z: 0}
--- !u!4 &4639368143701718
Transform:
  m_ObjectHideFlags: 1
  m_PrefabParentObject: {fileID: 0}
  m_PrefabInternal: {fileID: 100100000}
  m_GameObject: {fileID: 1819915857428506}
  m_LocalRotation: {x: -0.19210574, y: -0.005215681, z: 0.062500075, w: 0.97936815}
  m_LocalPosition: {x: 1.4210854e-16, y: -2.842171e-16, z: -0.052850287}
  m_LocalScale: {x: 1, y: 1, z: 1}
  m_Children:
  - {fileID: 4710164627370886}
  m_Father: {fileID: 4254114189844502}
  m_RootOrder: 0
  m_LocalEulerAnglesHint: {x: 0, y: 0, z: 0}
--- !u!4 &4662933792193894
Transform:
  m_ObjectHideFlags: 1
  m_PrefabParentObject: {fileID: 0}
  m_PrefabInternal: {fileID: 100100000}
  m_GameObject: {fileID: 1085131511843554}
  m_LocalRotation: {x: 3.3239209e-10, y: -0.7071007, z: 0.70711285, w: 3.3269923e-10}
  m_LocalPosition: {x: -0.0049826778, y: 1.0340947, z: -0.017487368}
  m_LocalScale: {x: 1, y: 1, z: 1}
  m_Children:
  - {fileID: 4302605631081830}
  - {fileID: 4915130020097612}
  - {fileID: 4515129446080476}
  m_Father: {fileID: 4631025461368932}
  m_RootOrder: 1
  m_LocalEulerAnglesHint: {x: 0, y: 0, z: 0}
--- !u!4 &4670024949533106
Transform:
  m_ObjectHideFlags: 1
  m_PrefabParentObject: {fileID: 0}
  m_PrefabInternal: {fileID: 100100000}
  m_GameObject: {fileID: 1125654173119730}
  m_LocalRotation: {x: 0.026535342, y: 0.11774731, z: -0.003147492, w: 0.992684}
  m_LocalPosition: {x: 3.5527135e-16, y: 0, z: -0.043092523}
  m_LocalScale: {x: 1, y: 1, z: 1}
  m_Children:
  - {fileID: 4061678463546292}
  m_Father: {fileID: 4878297581784862}
  m_RootOrder: 0
  m_LocalEulerAnglesHint: {x: 0, y: 0, z: 0}
--- !u!4 &4694178405289870
Transform:
  m_ObjectHideFlags: 1
  m_PrefabParentObject: {fileID: 0}
  m_PrefabInternal: {fileID: 100100000}
  m_GameObject: {fileID: 1159124114764428}
  m_LocalRotation: {x: -5.2492732e-15, y: 5.193762e-15, z: -1.0380585e-14, w: 1}
  m_LocalPosition: {x: -7.105427e-16, y: 0, z: -0.031330973}
  m_LocalScale: {x: 1, y: 1, z: 1}
  m_Children: []
  m_Father: {fileID: 4164035482075574}
  m_RootOrder: 0
  m_LocalEulerAnglesHint: {x: 0, y: 0, z: 0}
--- !u!4 &4701419970892844
Transform:
  m_ObjectHideFlags: 1
  m_PrefabParentObject: {fileID: 0}
  m_PrefabInternal: {fileID: 100100000}
  m_GameObject: {fileID: 1442067302348980}
  m_LocalRotation: {x: 0.1097182, y: 0.257626, z: -0.02945804, w: 0.95954317}
  m_LocalPosition: {x: -0.052944455, y: 0.07450639, z: -0.100663036}
  m_LocalScale: {x: 1, y: 1, z: 1}
  m_Children:
  - {fileID: 4601620980172922}
  m_Father: {fileID: 4029108731725002}
  m_RootOrder: 0
  m_LocalEulerAnglesHint: {x: 0, y: 0, z: 0}
--- !u!4 &4701520184208670
Transform:
  m_ObjectHideFlags: 1
  m_PrefabParentObject: {fileID: 0}
  m_PrefabInternal: {fileID: 100100000}
  m_GameObject: {fileID: 1658505208104448}
  m_LocalRotation: {x: 0.060837366, y: 0.091783024, z: -0.0056180907, w: 0.993903}
  m_LocalPosition: {x: 1.5809576e-15, y: 0, z: -0.06671431}
  m_LocalScale: {x: 1, y: 1, z: 1}
  m_Children:
  - {fileID: 4466839025485104}
  m_Father: {fileID: 4106792428037050}
  m_RootOrder: 0
  m_LocalEulerAnglesHint: {x: 0, y: 0, z: 0}
--- !u!4 &4705547179231446
Transform:
  m_ObjectHideFlags: 1
  m_PrefabParentObject: {fileID: 0}
  m_PrefabInternal: {fileID: 100100000}
  m_GameObject: {fileID: 1158481750140408}
  m_LocalRotation: {x: 0.56435055, y: 0.6029829, z: 0.39008182, w: 0.40713173}
  m_LocalPosition: {x: -0.10293712, y: 0.2251799, z: -0.4336729}
  m_LocalScale: {x: 1, y: 1, z: 1}
  m_Children: []
  m_Father: {fileID: 4882483480428638}
  m_RootOrder: 1
  m_LocalEulerAnglesHint: {x: 0, y: 0, z: 0}
--- !u!4 &4710071120347976
Transform:
  m_ObjectHideFlags: 1
  m_PrefabParentObject: {fileID: 0}
  m_PrefabInternal: {fileID: 100100000}
  m_GameObject: {fileID: 1376555845914660}
  m_LocalRotation: {x: -0.15517583, y: -5.2783966e-10, z: -8.291228e-11, w: 0.98788685}
  m_LocalPosition: {x: 1.4584512e-11, y: -0.002711835, z: -0.27462766}
  m_LocalScale: {x: 1, y: 1, z: 1}
  m_Children: []
  m_Father: {fileID: 4038279379492484}
  m_RootOrder: 1
  m_LocalEulerAnglesHint: {x: 0, y: 0, z: 0}
--- !u!4 &4710164627370886
Transform:
  m_ObjectHideFlags: 1
  m_PrefabParentObject: {fileID: 0}
  m_PrefabInternal: {fileID: 100100000}
  m_GameObject: {fileID: 1165391462702714}
  m_LocalRotation: {x: -0.030262208, y: -0.009387545, z: -0.00028423054, w: 0.9994979}
  m_LocalPosition: {x: -0, y: -7.105427e-16, z: -0.03310927}
  m_LocalScale: {x: 1, y: 1, z: 1}
  m_Children:
  - {fileID: 4339333448848774}
  m_Father: {fileID: 4639368143701718}
  m_RootOrder: 0
  m_LocalEulerAnglesHint: {x: 0, y: 0, z: 0}
--- !u!4 &4727896203102136
Transform:
  m_ObjectHideFlags: 1
  m_PrefabParentObject: {fileID: 0}
  m_PrefabInternal: {fileID: 100100000}
  m_GameObject: {fileID: 1385606776956320}
  m_LocalRotation: {x: -0.2646997, y: -0.10672735, z: 0.011930461, w: 0.9583324}
  m_LocalPosition: {x: 1.4210854e-16, y: 0, z: -0.049167607}
  m_LocalScale: {x: 1, y: 1, z: 1}
  m_Children:
  - {fileID: 4169994728960468}
  m_Father: {fileID: 4374383447011288}
  m_RootOrder: 0
  m_LocalEulerAnglesHint: {x: 0, y: 0, z: 0}
--- !u!4 &4756760817736678
Transform:
  m_ObjectHideFlags: 1
  m_PrefabParentObject: {fileID: 0}
  m_PrefabInternal: {fileID: 100100000}
  m_GameObject: {fileID: 1255465837049054}
  m_LocalRotation: {x: 0.12517191, y: 8.0897666e-10, z: -1.02063864e-10, w: 0.99213505}
  m_LocalPosition: {x: 1.0380585e-15, y: -9.237055e-16, z: -0.113932095}
  m_LocalScale: {x: 1, y: 1, z: 1}
  m_Children:
  - {fileID: 4827373344426930}
  m_Father: {fileID: 4014243834089268}
  m_RootOrder: 0
  m_LocalEulerAnglesHint: {x: 0, y: 0, z: 0}
--- !u!4 &4756828429796136
Transform:
  m_ObjectHideFlags: 1
  m_PrefabParentObject: {fileID: 0}
  m_PrefabInternal: {fileID: 100100000}
  m_GameObject: {fileID: 1710217370488348}
  m_LocalRotation: {x: -0.0000000033709913, y: 0.000000007615474, z: 0.12100341, w: 0.9926521}
  m_LocalPosition: {x: -7.105427e-17, y: -2.842171e-16, z: -0.299987}
  m_LocalScale: {x: 1, y: 1, z: 1}
  m_Children:
  - {fileID: 4082903540371136}
  m_Father: {fileID: 4567192598846362}
  m_RootOrder: 0
  m_LocalEulerAnglesHint: {x: 0, y: 0, z: 0}
--- !u!4 &4811061016528170
Transform:
  m_ObjectHideFlags: 1
  m_PrefabParentObject: {fileID: 0}
  m_PrefabInternal: {fileID: 100100000}
  m_GameObject: {fileID: 1069933128369076}
  m_LocalRotation: {x: 0, y: -0, z: -0, w: 1}
  m_LocalPosition: {x: -0, y: 1.0018167, z: 0.02107164}
  m_LocalScale: {x: 1, y: 1, z: 1}
  m_Children:
  - {fileID: 4483874116061786}
  - {fileID: 4835911649625074}
  m_Father: {fileID: 4631025461368932}
  m_RootOrder: 4
  m_LocalEulerAnglesHint: {x: 0, y: 0, z: 0}
--- !u!4 &4821915251832098
Transform:
  m_ObjectHideFlags: 1
  m_PrefabParentObject: {fileID: 0}
  m_PrefabInternal: {fileID: 100100000}
  m_GameObject: {fileID: 1331859161396424}
  m_LocalRotation: {x: 0.5085658, y: -0.4947923, z: 0.50076514, w: -0.49575767}
  m_LocalPosition: {x: -0.23194082, y: 0.025167786, z: -0.1983059}
  m_LocalScale: {x: 1, y: 1, z: 1}
  m_Children:
  - {fileID: 4208748400372652}
  - {fileID: 4349684830123270}
  m_Father: {fileID: 4038279379492484}
  m_RootOrder: 2
  m_LocalEulerAnglesHint: {x: 0, y: 0, z: 0}
--- !u!4 &4827373344426930
Transform:
  m_ObjectHideFlags: 1
  m_PrefabParentObject: {fileID: 0}
  m_PrefabInternal: {fileID: 100100000}
  m_GameObject: {fileID: 1634525531632138}
  m_LocalRotation: {x: -3.330669e-16, y: -3.8812866e-33, z: -2.0679515e-25, w: 1}
  m_LocalPosition: {x: 9.436896e-18, y: -4.8849813e-17, z: -0.20251308}
  m_LocalScale: {x: 1, y: 1, z: 1}
  m_Children: []
  m_Father: {fileID: 4756760817736678}
  m_RootOrder: 0
  m_LocalEulerAnglesHint: {x: 0, y: 0, z: 0}
--- !u!4 &4835911649625074
Transform:
  m_ObjectHideFlags: 1
  m_PrefabParentObject: {fileID: 0}
  m_PrefabInternal: {fileID: 100100000}
  m_GameObject: {fileID: 1871228310385122}
  m_LocalRotation: {x: 0, y: -0, z: -0, w: 1}
  m_LocalPosition: {x: -0, y: 0.18726002, z: -0.02107164}
  m_LocalScale: {x: 1, y: 1, z: 1}
  m_Children: []
  m_Father: {fileID: 4811061016528170}
  m_RootOrder: 1
  m_LocalEulerAnglesHint: {x: 0, y: 0, z: 0}
--- !u!4 &4878297581784862
Transform:
  m_ObjectHideFlags: 1
  m_PrefabParentObject: {fileID: 0}
  m_PrefabInternal: {fileID: 100100000}
  m_GameObject: {fileID: 1426782846950782}
  m_LocalRotation: {x: 0.060837366, y: -0.091783024, z: 0.0056180907, w: 0.993903}
  m_LocalPosition: {x: -7.105427e-17, y: -2.842171e-16, z: -0.06671431}
  m_LocalScale: {x: 1, y: 1, z: 1}
  m_Children:
  - {fileID: 4670024949533106}
  m_Father: {fileID: 4202349446761030}
  m_RootOrder: 0
  m_LocalEulerAnglesHint: {x: 0, y: 0, z: 0}
--- !u!4 &4881745888075792
Transform:
  m_ObjectHideFlags: 1
  m_PrefabParentObject: {fileID: 0}
  m_PrefabInternal: {fileID: 100100000}
  m_GameObject: {fileID: 1389414451301126}
  m_LocalRotation: {x: -1.6033498e-26, y: 1.3092362e-10, z: 1.1651007e-26, w: 1}
  m_LocalPosition: {x: -2.3869794e-17, y: 1.3322676e-17, z: -0.22110757}
  m_LocalScale: {x: 1, y: 1, z: 1}
  m_Children:
  - {fileID: 4038279379492484}
  m_Father: {fileID: 4236463176463450}
  m_RootOrder: 1
  m_LocalEulerAnglesHint: {x: 0, y: 0, z: 0}
--- !u!4 &4882483480428638
Transform:
  m_ObjectHideFlags: 1
  m_PrefabParentObject: {fileID: 0}
  m_PrefabInternal: {fileID: 100100000}
  m_GameObject: {fileID: 1871125896433478}
  m_LocalRotation: {x: -0.011007073, y: -4.9518303e-11, z: -5.4508535e-13, w: 0.99993944}
  m_LocalPosition: {x: -3.7995716e-14, y: -2.8643753e-16, z: -0.21053138}
  m_LocalScale: {x: 1, y: 1, z: 1}
  m_Children:
  - {fileID: 4565754854577588}
  - {fileID: 4705547179231446}
  - {fileID: 4014243834089268}
  - {fileID: 4634202325239216}
  m_Father: {fileID: 4515129446080476}
  m_RootOrder: 0
  m_LocalEulerAnglesHint: {x: 0, y: 0, z: 0}
--- !u!4 &4884689492017944
Transform:
  m_ObjectHideFlags: 1
  m_PrefabParentObject: {fileID: 0}
  m_PrefabInternal: {fileID: 100100000}
  m_GameObject: {fileID: 1232807783067140}
  m_LocalRotation: {x: 2.289835e-16, y: 4.0245585e-15, z: -8.326673e-17, w: 1}
  m_LocalPosition: {x: 7.105427e-17, y: 5.4622974e-16, z: -0.024728209}
  m_LocalScale: {x: 1, y: 1, z: 1}
  m_Children: []
  m_Father: {fileID: 4052194400337610}
  m_RootOrder: 0
  m_LocalEulerAnglesHint: {x: 0, y: 0, z: 0}
--- !u!4 &4910682492453974
Transform:
  m_ObjectHideFlags: 1
  m_PrefabParentObject: {fileID: 0}
  m_PrefabInternal: {fileID: 100100000}
  m_GameObject: {fileID: 1518457325484522}
  m_LocalRotation: {x: 0.36714432, y: -0.061415166, z: 0.024302477, w: 0.9278161}
  m_LocalPosition: {x: 5.3290704e-17, y: -7.9936054e-17, z: -0.1594819}
  m_LocalScale: {x: 1, y: 1, z: 1}
  m_Children:
  - {fileID: 4296632359925308}
  m_Father: {fileID: 4294683155419832}
  m_RootOrder: 0
  m_LocalEulerAnglesHint: {x: 0, y: 0, z: 0}
--- !u!4 &4915130020097612
Transform:
  m_ObjectHideFlags: 1
  m_PrefabParentObject: {fileID: 0}
  m_PrefabInternal: {fileID: 100100000}
  m_GameObject: {fileID: 1860754432492458}
  m_LocalRotation: {x: 0.9998491, y: 0.0018191196, z: -0.015843539, w: -0.0068931454}
  m_LocalPosition: {x: -0.17264396, y: -0.0020922017, z: 0.026892358}
  m_LocalScale: {x: 1, y: 1, z: 1}
  m_Children:
  - {fileID: 4268343485257806}
  m_Father: {fileID: 4662933792193894}
  m_RootOrder: 1
  m_LocalEulerAnglesHint: {x: 0, y: 0, z: 0}
--- !u!4 &4936887173276084
Transform:
  m_ObjectHideFlags: 1
  m_PrefabParentObject: {fileID: 0}
  m_PrefabInternal: {fileID: 100100000}
  m_GameObject: {fileID: 1312426154384132}
  m_LocalRotation: {x: 3.85186e-34, y: -1.3877788e-17, z: 2.7755576e-17, w: 1}
  m_LocalPosition: {x: -0, y: -0.2603687, z: 2.842171e-16}
  m_LocalScale: {x: 1, y: 1, z: 1}
  m_Children: []
  m_Father: {fileID: 4428397870505550}
  m_RootOrder: 0
  m_LocalEulerAnglesHint: {x: 0, y: 0, z: 0}
--- !u!4 &4939612898985414
Transform:
  m_ObjectHideFlags: 1
  m_PrefabParentObject: {fileID: 0}
  m_PrefabInternal: {fileID: 100100000}
  m_GameObject: {fileID: 1700933648958276}
  m_LocalRotation: {x: -0.24633187, y: -0.010584311, z: -0.0026903192, w: 0.969124}
  m_LocalPosition: {x: -1.4210854e-16, y: 2.842171e-16, z: -0.052850287}
  m_LocalScale: {x: 1, y: 1, z: 1}
  m_Children:
  - {fileID: 4164035482075574}
  m_Father: {fileID: 4303875808456826}
  m_RootOrder: 0
  m_LocalEulerAnglesHint: {x: 0, y: 0, z: 0}
--- !u!4 &4963452884284036
Transform:
  m_ObjectHideFlags: 1
  m_PrefabParentObject: {fileID: 0}
  m_PrefabInternal: {fileID: 100100000}
  m_GameObject: {fileID: 1144057084702434}
  m_LocalRotation: {x: -0.0000000037601446, y: -0.0000000082212726, z: -0.10884488,
    w: 0.9940588}
  m_LocalPosition: {x: 2.1316282e-16, y: -8.5265126e-16, z: -0.299987}
  m_LocalScale: {x: 1, y: 1, z: 1}
  m_Children:
  - {fileID: 4029108731725002}
  m_Father: {fileID: 4430928513961044}
  m_RootOrder: 0
  m_LocalEulerAnglesHint: {x: 0, y: 0, z: 0}
--- !u!4 &4963704134357412
Transform:
  m_ObjectHideFlags: 1
  m_PrefabParentObject: {fileID: 0}
  m_PrefabInternal: {fileID: 100100000}
  m_GameObject: {fileID: 1980475486540020}
  m_LocalRotation: {x: -0.07703732, y: 3.275612e-11, z: 2.5309678e-12, w: 0.99702823}
  m_LocalPosition: {x: 5.3290704e-17, y: -6.4392934e-17, z: -0.42412007}
  m_LocalScale: {x: 1, y: 1, z: 1}
  m_Children:
  - {fileID: 4294683155419832}
  m_Father: {fileID: 4302605631081830}
  m_RootOrder: 0
  m_LocalEulerAnglesHint: {x: 0, y: 0, z: 0}
--- !u!4 &4995326824152982
Transform:
  m_ObjectHideFlags: 1
  m_PrefabParentObject: {fileID: 0}
  m_PrefabInternal: {fileID: 100100000}
  m_GameObject: {fileID: 1896658371545826}
  m_LocalRotation: {x: -0.17929067, y: 0.09036569, z: -0.011582659, w: 0.97956866}
  m_LocalPosition: {x: -0, y: -1.4210854e-16, z: -0.049167607}
  m_LocalScale: {x: 1, y: 1, z: 1}
  m_Children:
  - {fileID: 4069038684781164}
  m_Father: {fileID: 4300367788573160}
  m_RootOrder: 0
  m_LocalEulerAnglesHint: {x: 0, y: 0, z: 0}
--- !u!4 &4995964744101200
Transform:
  m_ObjectHideFlags: 1
  m_PrefabParentObject: {fileID: 0}
  m_PrefabInternal: {fileID: 100100000}
  m_GameObject: {fileID: 1257430898090374}
  m_LocalRotation: {x: -1.7488674e-10, y: 0.61020416, z: 0.7922442, w: 1.347016e-10}
  m_LocalPosition: {x: -0.1655923, y: 0.6788662, z: 0.9965823}
  m_LocalScale: {x: 1, y: 1, z: 1}
  m_Children: []
  m_Father: {fileID: 4631025461368932}
  m_RootOrder: 3
  m_LocalEulerAnglesHint: {x: 0, y: 0, z: 0}
--- !u!23 &23265663748761946
MeshRenderer:
  m_ObjectHideFlags: 1
  m_PrefabParentObject: {fileID: 0}
  m_PrefabInternal: {fileID: 100100000}
  m_GameObject: {fileID: 1465622262066742}
  m_Enabled: 1
  m_CastShadows: 1
  m_ReceiveShadows: 1
  m_DynamicOccludee: 1
  m_MotionVectors: 1
  m_LightProbeUsage: 1
  m_ReflectionProbeUsage: 1
  m_Materials:
  - {fileID: 2100000, guid: 1c11cbb595d4f3d4a8d109d925aa1ca1, type: 2}
  m_StaticBatchInfo:
    firstSubMesh: 0
    subMeshCount: 0
  m_StaticBatchRoot: {fileID: 0}
  m_ProbeAnchor: {fileID: 0}
  m_LightProbeVolumeOverride: {fileID: 0}
  m_ScaleInLightmap: 1
  m_PreserveUVs: 0
  m_IgnoreNormalsForChartDetection: 0
  m_ImportantGI: 0
  m_StitchLightmapSeams: 0
  m_SelectedEditorRenderState: 3
  m_MinimumChartSize: 4
  m_AutoUVMaxDistance: 0.5
  m_AutoUVMaxAngle: 89
  m_LightmapParameters: {fileID: 0}
  m_SortingLayerID: 0
  m_SortingLayer: 0
  m_SortingOrder: 0
--- !u!23 &23472066635883950
MeshRenderer:
  m_ObjectHideFlags: 1
  m_PrefabParentObject: {fileID: 0}
  m_PrefabInternal: {fileID: 100100000}
  m_GameObject: {fileID: 1158481750140408}
  m_Enabled: 1
  m_CastShadows: 1
  m_ReceiveShadows: 1
  m_DynamicOccludee: 1
  m_MotionVectors: 1
  m_LightProbeUsage: 1
  m_ReflectionProbeUsage: 1
  m_Materials:
  - {fileID: 2100000, guid: 1c11cbb595d4f3d4a8d109d925aa1ca1, type: 2}
  m_StaticBatchInfo:
    firstSubMesh: 0
    subMeshCount: 0
  m_StaticBatchRoot: {fileID: 0}
  m_ProbeAnchor: {fileID: 0}
  m_LightProbeVolumeOverride: {fileID: 0}
  m_ScaleInLightmap: 1
  m_PreserveUVs: 0
  m_IgnoreNormalsForChartDetection: 0
  m_ImportantGI: 0
  m_StitchLightmapSeams: 0
  m_SelectedEditorRenderState: 3
  m_MinimumChartSize: 4
  m_AutoUVMaxDistance: 0.5
  m_AutoUVMaxAngle: 89
  m_LightmapParameters: {fileID: 0}
  m_SortingLayerID: 0
  m_SortingLayer: 0
  m_SortingOrder: 0
--- !u!23 &23582468866252616
MeshRenderer:
  m_ObjectHideFlags: 1
  m_PrefabParentObject: {fileID: 0}
  m_PrefabInternal: {fileID: 100100000}
  m_GameObject: {fileID: 1312426154384132}
  m_Enabled: 1
  m_CastShadows: 1
  m_ReceiveShadows: 1
  m_DynamicOccludee: 1
  m_MotionVectors: 1
  m_LightProbeUsage: 1
  m_ReflectionProbeUsage: 1
  m_Materials:
  - {fileID: 2100000, guid: 1c11cbb595d4f3d4a8d109d925aa1ca1, type: 2}
  m_StaticBatchInfo:
    firstSubMesh: 0
    subMeshCount: 0
  m_StaticBatchRoot: {fileID: 0}
  m_ProbeAnchor: {fileID: 0}
  m_LightProbeVolumeOverride: {fileID: 0}
  m_ScaleInLightmap: 1
  m_PreserveUVs: 0
  m_IgnoreNormalsForChartDetection: 0
  m_ImportantGI: 0
  m_StitchLightmapSeams: 0
  m_SelectedEditorRenderState: 3
  m_MinimumChartSize: 4
  m_AutoUVMaxDistance: 0.5
  m_AutoUVMaxAngle: 89
  m_LightmapParameters: {fileID: 0}
  m_SortingLayerID: 0
  m_SortingLayer: 0
  m_SortingOrder: 0
--- !u!33 &33658529163913980
MeshFilter:
  m_ObjectHideFlags: 1
  m_PrefabParentObject: {fileID: 0}
  m_PrefabInternal: {fileID: 100100000}
  m_GameObject: {fileID: 1465622262066742}
  m_Mesh: {fileID: 4300000, guid: ffaf641b210f5ea41952cf36f1379d66, type: 3}
--- !u!33 &33689350721000760
MeshFilter:
  m_ObjectHideFlags: 1
  m_PrefabParentObject: {fileID: 0}
  m_PrefabInternal: {fileID: 100100000}
  m_GameObject: {fileID: 1312426154384132}
  m_Mesh: {fileID: 4300002, guid: ffaf641b210f5ea41952cf36f1379d66, type: 3}
--- !u!33 &33816581269558002
MeshFilter:
  m_ObjectHideFlags: 1
  m_PrefabParentObject: {fileID: 0}
  m_PrefabInternal: {fileID: 100100000}
  m_GameObject: {fileID: 1158481750140408}
  m_Mesh: {fileID: 4300004, guid: ffaf641b210f5ea41952cf36f1379d66, type: 3}
--- !u!95 &95926948069811724
Animator:
  serializedVersion: 3
  m_ObjectHideFlags: 1
  m_PrefabParentObject: {fileID: 0}
  m_PrefabInternal: {fileID: 100100000}
  m_GameObject: {fileID: 1607348635989004}
  m_Enabled: 1
  m_Avatar: {fileID: 9000000, guid: ffaf641b210f5ea41952cf36f1379d66, type: 3}
  m_Controller: {fileID: 9100000, guid: b791f8ee6039c5846b642793dc7723cb, type: 2}
  m_CullingMode: 1
  m_UpdateMode: 0
  m_ApplyRootMotion: 1
  m_LinearVelocityBlending: 0
  m_WarningMessage: 
  m_HasTransformHierarchy: 1
  m_AllowConstantClipSamplingOptimization: 1
--- !u!114 &114035924267587786
MonoBehaviour:
  m_ObjectHideFlags: 1
  m_PrefabParentObject: {fileID: 0}
  m_PrefabInternal: {fileID: 100100000}
  m_GameObject: {fileID: 1344334495222080}
  m_Enabled: 1
  m_EditorHideFlags: 0
  m_Script: {fileID: -765806418, guid: f70555f144d8491a825f0804e09c671c, type: 3}
  m_Name: 
  m_EditorClassIdentifier: 
  m_Material: {fileID: 0}
  m_Color: {r: 1, g: 0.33088237, b: 0.27450982, a: 1}
  m_RaycastTarget: 1
  m_OnCullStateChanged:
    m_PersistentCalls:
      m_Calls: []
    m_TypeName: UnityEngine.UI.MaskableGraphic+CullStateChangedEvent, UnityEngine.UI,
      Version=1.0.0.0, Culture=neutral, PublicKeyToken=null
  m_Sprite: {fileID: 21300000, guid: 702eb8e9cdc384a49bb751cfb329771b, type: 3}
  m_Type: 3
  m_PreserveAspect: 0
  m_FillCenter: 1
  m_FillMethod: 0
  m_FillAmount: 1
  m_FillClockwise: 1
  m_FillOrigin: 0
--- !u!114 &114310159545513192
MonoBehaviour:
  m_ObjectHideFlags: 1
  m_PrefabParentObject: {fileID: 0}
  m_PrefabInternal: {fileID: 100100000}
  m_GameObject: {fileID: 1607348635989004}
  m_Enabled: 1
  m_EditorHideFlags: 0
  m_Script: {fileID: 372142912, guid: dc443db3e92b4983b9738c1131f555cb, type: 3}
  m_Name: 
  m_EditorClassIdentifier: 
  m_SceneId:
    m_Value: 0
  m_AssetId:
    i0: 94
    i1: 173
    i2: 172
    i3: 207
    i4: 33
    i5: 116
    i6: 194
    i7: 84
    i8: 248
    i9: 151
    i10: 52
    i11: 41
    i12: 236
    i13: 225
    i14: 96
    i15: 58
  m_ServerOnly: 0
  m_LocalPlayerAuthority: 0
--- !u!114 &114518121649985322
MonoBehaviour:
  m_ObjectHideFlags: 1
  m_PrefabParentObject: {fileID: 0}
  m_PrefabInternal: {fileID: 100100000}
  m_GameObject: {fileID: 1580410404661874}
  m_Enabled: 1
  m_EditorHideFlags: 0
  m_Script: {fileID: -765806418, guid: f70555f144d8491a825f0804e09c671c, type: 3}
  m_Name: 
  m_EditorClassIdentifier: 
  m_Material: {fileID: 0}
  m_Color: {r: 0, g: 0, b: 0, a: 0.34509805}
  m_RaycastTarget: 1
  m_OnCullStateChanged:
    m_PersistentCalls:
      m_Calls: []
    m_TypeName: UnityEngine.UI.MaskableGraphic+CullStateChangedEvent, UnityEngine.UI,
      Version=1.0.0.0, Culture=neutral, PublicKeyToken=null
  m_Sprite: {fileID: 0}
  m_Type: 0
  m_PreserveAspect: 0
  m_FillCenter: 1
  m_FillMethod: 4
  m_FillAmount: 1
  m_FillClockwise: 1
  m_FillOrigin: 0
--- !u!114 &114543944395020908
MonoBehaviour:
  m_ObjectHideFlags: 1
  m_PrefabParentObject: {fileID: 0}
  m_PrefabInternal: {fileID: 100100000}
  m_GameObject: {fileID: 1607348635989004}
  m_Enabled: 1
  m_EditorHideFlags: 0
  m_Script: {fileID: 11500000, guid: 07662c83383130e409bc66099fdba872, type: 3}
  m_Name: 
  m_EditorClassIdentifier: 
--- !u!114 &114617490210867978
MonoBehaviour:
  m_ObjectHideFlags: 1
  m_PrefabParentObject: {fileID: 0}
  m_PrefabInternal: {fileID: 100100000}
  m_GameObject: {fileID: 1607348635989004}
  m_Enabled: 1
  m_EditorHideFlags: 0
  m_Script: {fileID: -1768714887, guid: dc443db3e92b4983b9738c1131f555cb, type: 3}
  m_Name: 
  m_EditorClassIdentifier: 
  m_TransformSyncMode: 1
  m_SendInterval: 0.05882353
  m_SyncRotationAxis: 7
  m_RotationSyncCompression: 0
  m_SyncSpin: 0
  m_MovementTheshold: 0.001
  m_VelocityThreshold: 0.0001
  m_SnapThreshold: 5
  m_InterpolateRotation: 1
  m_InterpolateMovement: 1
--- !u!114 &114633284430890140
MonoBehaviour:
  m_ObjectHideFlags: 1
  m_PrefabParentObject: {fileID: 0}
  m_PrefabInternal: {fileID: 100100000}
  m_GameObject: {fileID: 1279121336736852}
  m_Enabled: 1
  m_EditorHideFlags: 0
  m_Script: {fileID: 1301386320, guid: f70555f144d8491a825f0804e09c671c, type: 3}
  m_Name: 
  m_EditorClassIdentifier: 
  m_IgnoreReversedGraphics: 1
  m_BlockingObjects: 0
  m_BlockingMask:
    serializedVersion: 2
    m_Bits: 4294967295
--- !u!114 &114691545109829490
MonoBehaviour:
  m_ObjectHideFlags: 1
  m_PrefabParentObject: {fileID: 0}
  m_PrefabInternal: {fileID: 100100000}
  m_GameObject: {fileID: 1607348635989004}
  m_Enabled: 1
  m_EditorHideFlags: 0
  m_Script: {fileID: 11500000, guid: e69892bf317855c4b83fc07ba19c4d36, type: 3}
  m_Name: 
  m_EditorClassIdentifier: 
  actualSpeed: 0
  startSpeed: 7
  health: 100
  startHealth: 100
  moneyGain: 50
  deathEffect: {fileID: 1000010680075956, guid: 7bd05b1fc3848e14980f274c8845379a,
    type: 2}
  gameMaster: {fileID: 0}
  healthCanvas: {fileID: 223384525113368676}
  healthBar: {fileID: 114035924267587786}
--- !u!114 &114732931267687584
MonoBehaviour:
  m_ObjectHideFlags: 1
  m_PrefabParentObject: {fileID: 0}
  m_PrefabInternal: {fileID: 100100000}
  m_GameObject: {fileID: 1279121336736852}
  m_Enabled: 1
  m_EditorHideFlags: 0
  m_Script: {fileID: 1980459831, guid: f70555f144d8491a825f0804e09c671c, type: 3}
  m_Name: 
  m_EditorClassIdentifier: 
  m_UiScaleMode: 0
  m_ReferencePixelsPerUnit: 100
  m_ScaleFactor: 1
  m_ReferenceResolution: {x: 800, y: 600}
  m_ScreenMatchMode: 0
  m_MatchWidthOrHeight: 0
  m_PhysicalUnit: 3
  m_FallbackScreenDPI: 96
  m_DefaultSpriteDPI: 96
  m_DynamicPixelsPerUnit: 1
--- !u!136 &136824974022827064
CapsuleCollider:
  m_ObjectHideFlags: 1
  m_PrefabParentObject: {fileID: 0}
  m_PrefabInternal: {fileID: 100100000}
  m_GameObject: {fileID: 1607348635989004}
  m_Material: {fileID: 0}
  m_IsTrigger: 1
  m_Enabled: 1
  m_Radius: 0.71
  m_Height: 2.5
  m_Direction: 1
  m_Center: {x: 0, y: 0.9, z: 0}
--- !u!137 &137203767206574682
SkinnedMeshRenderer:
  m_ObjectHideFlags: 1
  m_PrefabParentObject: {fileID: 0}
  m_PrefabInternal: {fileID: 100100000}
  m_GameObject: {fileID: 1665248461886964}
  m_Enabled: 1
  m_CastShadows: 1
  m_ReceiveShadows: 1
  m_DynamicOccludee: 1
  m_MotionVectors: 1
  m_LightProbeUsage: 1
  m_ReflectionProbeUsage: 1
  m_Materials:
  - {fileID: 2100000, guid: 28b2e2a9409a67f4eaee9b9525fd048f, type: 2}
  m_StaticBatchInfo:
    firstSubMesh: 0
    subMeshCount: 0
  m_StaticBatchRoot: {fileID: 0}
  m_ProbeAnchor: {fileID: 0}
  m_LightProbeVolumeOverride: {fileID: 0}
  m_ScaleInLightmap: 1
  m_PreserveUVs: 0
  m_IgnoreNormalsForChartDetection: 0
  m_ImportantGI: 0
  m_StitchLightmapSeams: 0
  m_SelectedEditorRenderState: 3
  m_MinimumChartSize: 4
  m_AutoUVMaxDistance: 0.5
  m_AutoUVMaxAngle: 89
  m_LightmapParameters: {fileID: 0}
  m_SortingLayerID: 0
  m_SortingLayer: 0
  m_SortingOrder: 0
  serializedVersion: 2
  m_Quality: 0
  m_UpdateWhenOffscreen: 0
  m_SkinnedMotionVectors: 1
  m_Mesh: {fileID: 4300008, guid: ffaf641b210f5ea41952cf36f1379d66, type: 3}
  m_Bones:
  - {fileID: 4662933792193894}
  - {fileID: 4302605631081830}
  - {fileID: 4963704134357412}
  - {fileID: 4294683155419832}
  - {fileID: 4910682492453974}
  - {fileID: 4296632359925308}
  - {fileID: 4915130020097612}
  - {fileID: 4268343485257806}
  - {fileID: 4364746251612348}
  - {fileID: 4162919782762920}
  - {fileID: 4595914393979050}
  - {fileID: 4515129446080476}
  - {fileID: 4882483480428638}
  - {fileID: 4565754854577588}
  - {fileID: 4567192598846362}
  - {fileID: 4756828429796136}
  - {fileID: 4082903540371136}
  - {fileID: 4202349446761030}
  - {fileID: 4878297581784862}
  - {fileID: 4670024949533106}
  - {fileID: 4061678463546292}
  - {fileID: 4267837653362232}
  - {fileID: 4360867654621314}
  - {fileID: 4052194400337610}
  - {fileID: 4884689492017944}
  - {fileID: 4300367788573160}
  - {fileID: 4995326824152982}
  - {fileID: 4069038684781164}
  - {fileID: 4568863633910004}
  - {fileID: 4432932564554054}
  - {fileID: 4077635035730562}
  - {fileID: 4023117358152110}
  - {fileID: 4128988277586194}
  - {fileID: 4254114189844502}
  - {fileID: 4639368143701718}
  - {fileID: 4710164627370886}
  - {fileID: 4339333448848774}
  - {fileID: 4634202325239216}
  - {fileID: 4430928513961044}
  - {fileID: 4963452884284036}
  - {fileID: 4029108731725002}
  - {fileID: 4106792428037050}
  - {fileID: 4701520184208670}
  - {fileID: 4466839025485104}
  - {fileID: 4550032009674758}
  - {fileID: 4111102510286012}
  - {fileID: 4588945149362122}
  - {fileID: 4090637386608272}
  - {fileID: 4279076349241156}
  - {fileID: 4374383447011288}
  - {fileID: 4727896203102136}
  - {fileID: 4169994728960468}
  - {fileID: 4044766421428604}
  - {fileID: 4701419970892844}
  - {fileID: 4601620980172922}
  - {fileID: 4631822167647348}
  - {fileID: 4612991072801948}
  - {fileID: 4303875808456826}
  - {fileID: 4939612898985414}
  - {fileID: 4164035482075574}
  - {fileID: 4694178405289870}
  - {fileID: 4014243834089268}
  - {fileID: 4756760817736678}
  - {fileID: 4827373344426930}
  m_BlendShapeWeights: []
  m_RootBone: {fileID: 4662933792193894}
  m_AABB:
    m_Center: {x: -0.0068486333, y: -0.024668545, z: 0.08193302}
    m_Extent: {x: 1.119834, y: 0.31503037, z: 1.1248913}
  m_DirtyAABB: 0
--- !u!137 &137340463130178950
SkinnedMeshRenderer:
  m_ObjectHideFlags: 1
  m_PrefabParentObject: {fileID: 0}
  m_PrefabInternal: {fileID: 100100000}
  m_GameObject: {fileID: 1871228310385122}
  m_Enabled: 1
  m_CastShadows: 1
  m_ReceiveShadows: 1
  m_DynamicOccludee: 1
  m_MotionVectors: 1
  m_LightProbeUsage: 1
  m_ReflectionProbeUsage: 1
  m_Materials:
  - {fileID: 2100000, guid: 17e3c38673f990e48adc376e6daac481, type: 2}
  m_StaticBatchInfo:
    firstSubMesh: 0
    subMeshCount: 0
  m_StaticBatchRoot: {fileID: 0}
  m_ProbeAnchor: {fileID: 0}
  m_LightProbeVolumeOverride: {fileID: 0}
  m_ScaleInLightmap: 1
  m_PreserveUVs: 0
  m_IgnoreNormalsForChartDetection: 0
  m_ImportantGI: 0
  m_StitchLightmapSeams: 0
  m_SelectedEditorRenderState: 3
  m_MinimumChartSize: 4
  m_AutoUVMaxDistance: 0.5
  m_AutoUVMaxAngle: 89
  m_LightmapParameters: {fileID: 0}
  m_SortingLayerID: 0
  m_SortingLayer: 0
  m_SortingOrder: 0
  serializedVersion: 2
  m_Quality: 0
  m_UpdateWhenOffscreen: 0
  m_SkinnedMotionVectors: 1
  m_Mesh: {fileID: 4300006, guid: ffaf641b210f5ea41952cf36f1379d66, type: 3}
  m_Bones:
  - {fileID: 4662933792193894}
  - {fileID: 4515129446080476}
  m_BlendShapeWeights: []
  m_RootBone: {fileID: 4662933792193894}
  m_AABB:
    m_Center: {x: -0.00011008978, y: -0.012253761, z: 0.23831418}
    m_Extent: {x: 0.3856525, y: 0.29604167, z: 0.44197556}
  m_DirtyAABB: 0
--- !u!222 &222450293358149464
CanvasRenderer:
  m_ObjectHideFlags: 1
  m_PrefabParentObject: {fileID: 0}
  m_PrefabInternal: {fileID: 100100000}
  m_GameObject: {fileID: 1344334495222080}
--- !u!222 &222651046643301084
CanvasRenderer:
  m_ObjectHideFlags: 1
  m_PrefabParentObject: {fileID: 0}
  m_PrefabInternal: {fileID: 100100000}
  m_GameObject: {fileID: 1580410404661874}
--- !u!223 &223384525113368676
Canvas:
  m_ObjectHideFlags: 1
  m_PrefabParentObject: {fileID: 0}
  m_PrefabInternal: {fileID: 100100000}
  m_GameObject: {fileID: 1279121336736852}
  m_Enabled: 1
  serializedVersion: 3
  m_RenderMode: 2
  m_Camera: {fileID: 0}
  m_PlaneDistance: 100
  m_PixelPerfect: 0
  m_ReceivesEvents: 1
  m_OverrideSorting: 0
  m_OverridePixelPerfect: 0
  m_SortingBucketNormalizedSize: 0
  m_AdditionalShaderChannelsFlag: 0
  m_SortingLayerID: 0
  m_SortingOrder: 0
  m_TargetDisplay: 0
--- !u!224 &224095003895595500
RectTransform:
  m_ObjectHideFlags: 1
  m_PrefabParentObject: {fileID: 0}
  m_PrefabInternal: {fileID: 100100000}
  m_GameObject: {fileID: 1279121336736852}
  m_LocalRotation: {x: 0.3420201, y: -0, z: -0, w: 0.9396927}
  m_LocalPosition: {x: 0, y: 0, z: 0}
  m_LocalScale: {x: 0.015, y: 0.0150000015, z: 0.015000017}
  m_Children:
  - {fileID: 224839715827419164}
  m_Father: {fileID: 4631025461368932}
  m_RootOrder: 7
  m_LocalEulerAnglesHint: {x: 40, y: 0, z: 0}
  m_AnchorMin: {x: 0.5, y: 0.5}
  m_AnchorMax: {x: 0.5, y: 0.5}
  m_AnchoredPosition: {x: 0, y: 2.464}
  m_SizeDelta: {x: 100, y: 48.07}
  m_Pivot: {x: 0.5, y: 0.5}
--- !u!224 &224839715827419164
RectTransform:
  m_ObjectHideFlags: 1
  m_PrefabParentObject: {fileID: 0}
  m_PrefabInternal: {fileID: 100100000}
  m_GameObject: {fileID: 1580410404661874}
  m_LocalRotation: {x: 0, y: 0, z: 0, w: 1}
  m_LocalPosition: {x: 0, y: 0, z: 0}
  m_LocalScale: {x: 1, y: 1, z: 1}
  m_Children:
  - {fileID: 224972430751235920}
  m_Father: {fileID: 224095003895595500}
  m_RootOrder: 0
  m_LocalEulerAnglesHint: {x: 0, y: 0, z: 0}
  m_AnchorMin: {x: 0, y: 0}
  m_AnchorMax: {x: 1, y: 0}
  m_AnchoredPosition: {x: 0, y: 4.999999}
  m_SizeDelta: {x: 0, y: 10}
  m_Pivot: {x: 0.5, y: 0.5}
--- !u!224 &224972430751235920
RectTransform:
  m_ObjectHideFlags: 1
  m_PrefabParentObject: {fileID: 0}
  m_PrefabInternal: {fileID: 100100000}
  m_GameObject: {fileID: 1344334495222080}
  m_LocalRotation: {x: -0, y: -0, z: -0, w: 1}
  m_LocalPosition: {x: 0, y: 0, z: 0}
  m_LocalScale: {x: 1, y: 1, z: 1}
  m_Children: []
  m_Father: {fileID: 224839715827419164}
  m_RootOrder: 0
  m_LocalEulerAnglesHint: {x: 0, y: 0, z: 0}
  m_AnchorMin: {x: 0, y: 0}
  m_AnchorMax: {x: 1, y: 0}
  m_AnchoredPosition: {x: 0, y: 4.999994}
  m_SizeDelta: {x: 0, y: 10}
  m_Pivot: {x: 0.5, y: 0.5}
