%YAML 1.1
%TAG !u! tag:unity3d.com,2011:
--- !u!1001 &100100000
Prefab:
  m_ObjectHideFlags: 1
  serializedVersion: 2
  m_Modification:
    m_TransformParent: {fileID: 0}
    m_Modifications: []
    m_RemovedComponents: []
  m_ParentPrefab: {fileID: 0}
  m_RootGameObject: {fileID: 1883917484192172}
  m_IsPrefabParent: 1
--- !u!1 &1883917484192172
GameObject:
  m_ObjectHideFlags: 0
  m_PrefabParentObject: {fileID: 0}
  m_PrefabInternal: {fileID: 100100000}
  serializedVersion: 5
  m_Component:
  - component: {fileID: 4110841559482064}
  - component: {fileID: 114029522961940614}
  - component: {fileID: 114300100988714920}
  m_Layer: 0
  m_Name: PlayerInformation
  m_TagString: PlayerInformation
  m_Icon: {fileID: 0}
  m_NavMeshLayer: 0
  m_StaticEditorFlags: 0
  m_IsActive: 1
--- !u!4 &4110841559482064
Transform:
  m_ObjectHideFlags: 1
  m_PrefabParentObject: {fileID: 0}
  m_PrefabInternal: {fileID: 100100000}
  m_GameObject: {fileID: 1883917484192172}
  m_LocalRotation: {x: 0, y: 0, z: 0, w: 1}
  m_LocalPosition: {x: -90.65274, y: 31.760206, z: -127.81442}
  m_LocalScale: {x: 1, y: 1, z: 1}
  m_Children: []
  m_Father: {fileID: 0}
  m_RootOrder: 0
  m_LocalEulerAnglesHint: {x: 0, y: 0, z: 0}
--- !u!114 &114029522961940614
MonoBehaviour:
  m_ObjectHideFlags: 1
  m_PrefabParentObject: {fileID: 0}
  m_PrefabInternal: {fileID: 100100000}
  m_GameObject: {fileID: 1883917484192172}
  m_Enabled: 1
  m_EditorHideFlags: 0
  m_Script: {fileID: 372142912, guid: dc443db3e92b4983b9738c1131f555cb, type: 3}
  m_Name: 
  m_EditorClassIdentifier: 
  m_SceneId:
    m_Value: 0
  m_AssetId:
    i0: 78
    i1: 233
    i2: 175
    i3: 135
    i4: 209
    i5: 102
    i6: 94
    i7: 84
    i8: 26
    i9: 165
    i10: 146
    i11: 7
    i12: 53
    i13: 101
    i14: 108
    i15: 212
  m_ServerOnly: 0
  m_LocalPlayerAuthority: 1
--- !u!114 &114300100988714920
MonoBehaviour:
  m_ObjectHideFlags: 1
  m_PrefabParentObject: {fileID: 0}
  m_PrefabInternal: {fileID: 100100000}
  m_GameObject: {fileID: 1883917484192172}
  m_Enabled: 1
  m_EditorHideFlags: 0
  m_Script: {fileID: 11500000, guid: 776162e8057cbb547ba8c315415f6b31, type: 3}
  m_Name: 
  m_EditorClassIdentifier: 
  playerName: 
  playerColor: {r: 1, g: 1, b: 1, a: 1}
  playerType: 1
  playerPrefab: {fileID: 100338, guid: 40046bae76ac54bffb59f14f47d9ba1b, type: 2}
